2982 4682
438 328 534 398 60
1142 331 1239 396 M.
1292 331 1369 398 Τ.
1422 331 1913 400 CICERONIS

440 453 517 520 in
538 449 1012 534 vestimentis,
1049 450 1109 520 si
1147 451 1221 520 in
1260 474 1349 522 eo
1385 449 1548 522 loco
1591 451 2198 550 comprehensus,
2237 467 2363 522 aut
2392 454 2585 523 visus

442 574 800 631 transacto
822 555 882 602 ¹⁵
914 561 1241 655 negotiu,
1278 586 1429 658 quo
1468 567 1544 632 in
1591 562 1754 634 loco
1787 585 1902 633 res
1943 575 2140 660 gesta
2177 560 2459 631 dicitur.

538 671 694 767 (vi.)
723 670 1160 740 Consecutio
1188 685 1299 743 est
1319 725 1337 756 ‚
1365 697 1600 770 quum
1621 672 2004 770 quaeritur,
2029 694 2192 768 quae
2229 672 2584 764 signano-

444 782 671 852 centis
701 796 773 852 et
807 782 1219 853 innocentis
1252 787 1603 880 consequi
1641 784 1920 855 soleant
1943 779 2024 850 ¹⁶.
2057 785 2451 852 Accusator
2476 780 2583 851 di-

443 906 596 980 cet,
642 894 702 962 si
744 891 1045 989 poterit,
1088 891 1616 980 adversarium,
1659 917 1891 990 quum
1937 891 2030 962 ad
2077 915 2244 961 eum
2285 907 2581 961 ventum

442 1004 572 1088 sit,
620 999 1032 1086 erubuisse,
1083 1003 1616 1101 expalluisse¹⁷‚
1661 1003 2048 1088 titubasse,
2091 1005 2585 1072 inconstanter

444 1113 834 1208 loquutum
865 1108 1111 1193 essem,
1144 1113 1634 1200 concidissew,
1663 1113 2068 1214 pollicitum
2099 1135 2255 1183 esse
2274 1110 2580 1207 aliquid:

443 1247 605 1319 quae
644 1222 843 1316 signa
895 1223 1353 1295 conscientiae
1392 1239 1582 1296 sunt.
1633 1229 1704 1296 Si
1742 1249 1908 1296 reus
1951 1223 2215 1294 horum
2261 1222 2442 1292 nihil
2485 1221 2586 1294 fe-

445 1334 623 1403 cerit
643 1385 661 1416 ,
693 1346 1066 1403 accusator
1083 1331 1275 1404 dicet
1294 1389 1311 1420 ,
1340 1359 1508 1420 eum
1539 1359 1769 1431 usque
1809 1333 1990 1406 adeo
2016 1332 2586 1431 praemeditatum

446 1441 704 1526 fuisse,
743 1440 923 1537 quid
967 1441 1105 1514 sibi
1146 1459 1333 1515 esset
1369 1469 1506 1515 usu
1545 1460 1932 1515 venturum
1951 1455 2042 1529 ²⁰,
2083 1457 2170 1513 ut
2212 1439 2586 1514 confiden-

443 1551 719 1620 tissime
759 1552 1096 1623 resistens
1134 1553 1690 1651 responderet²¹
1725 1579 1930 1652 :quae
1967 1554 2172 1650 signa
2209 1550 2586 1623 confiden-

442 1661 595 1746 tiae,
636 1685 785 1730 non
833 1662 1265 1734 innocentiae
1314 1679 1504 1736 sunt.
1552 1663 1941 1750 Defensor,
1985 1667 2043 1735 si
2087 1664 2542 1762 pertimuerit
2568 1717 2587 1745 ‚

445 1770 944 1868 magnitudine
1010 1775 1353 1871 periculi,
1430 1801 1582 1846 non
1659 1777 2100 1848 conscientia
2163 1776 2437 1873 peccati
2509 1799 2586 1844 se

447 1896 895 1953 commotum
950 1907 1104 1955 esse
1156 1884 1395 1972 dicet;
1452 1887 1514 1956 si
1559 1912 1709 1957 non
1762 1885 2262 1986 pertimuerit,
2320 1882 2584 1956 fretum

444 1993 863 2064 innocentia
904 1993 1193 2092 negabit
1235 2021 1391 2067 esse
1433 2011 1905 2080 commotum.

546 2104 662 2204 Vt.
684 2103 873 2199 (vn.)
893 2103 1341 2202 Approbatio
1370 2118 1543 2194 est¹‚
1566 2132 1712 2203 qua
1737 2108 2014 2178 utimur
2043 2105 2131 2178 ad
2162 2119 2588 2187 extremum,

448 2256 588 2303 vocis
602 2271 768 2316 eruor,
789 2256 935 2306 babet
954 2268 1099 2316 noca,
1120 2259 1257 2322 quod
1279 2274 1383 2308 non
1405 2276 1474 2308 ar·

451 2334 612 2383 bitror
632 2335 695 2385 de
719 2338 889 2387 nihilo.
920 2339 1085 2387 Gau-r.

531 2432 550 2461 ι
563 2416 611 2463 5.
630 2416 1037 2482 Comprehensus,
1060 2428 1149 2465 aue
1164 2417 1299 2465 visus
1321 2429 1477 2466 trans-

452 2506 565 2541 acto
604 2512 659 2545 n.
710 2519 737 2539 ι
781 2497 930 2545 Visus
963 2507 1051 2544 aut
1096 2497 1477 2561 comprehensus

454 2574 600 2623 fuerit
632 2584 875 2624 transacto
900 2592 947 2623 n.
968 2598 995 2617 n
1030 2576 1109 2623 ed.
1131 2575 1267 2627 Med.
1302 2578 1433 2639 1498
1452 2612 1469 2635 ,

452 2651 535 2701 ed.
569 2656 719 2714 1476.
738 2680 809 2693 ———-
828 2678 855 2697 α
874 2656 979 2704 Aut
1004 2656 1137 2703 visus
1158 2656 1222 2703 sit
1242 2678 1269 2697 n
1288 2655 1405 2705 Ald.
1428 2668 1476 2705 et

454 2731 522 2778 ita
542 2731 739 2783 Schiita.

532 2812 613 2861 16.
640 2812 885 2877 Conseqm·
904 2815 1112 2862 soleant.
1129 2816 1255 2862 Rem
1275 2824 1475 2877 gestam,

452 2890 487 2937 i.
512 2908 556 2939 e.
592 2892 815 2941 nuntiato
840 2894 1047 2953 scelere,
1076 2910 1187 2958 quae
1210 2904 1475 2959 appareant

450 2970 587 3037 signa
608 2971 910 3034 innocentis,
936 2990 1045 3038 quae
1070 2976 1313 3023 nocentis.

530 3068 551 3098 1
564 3068 611 3112 7.
675 3053 937 3101 Emhu'sse
962 3085 977 3112 ,
1016 3052 1329 3116 expalluisse.
1394 3052 1475 3100 Sic

454 3131 661 3179 omuino
688 3146 857 3179 omues
888 3130 1073 3190 nostri,
1110 3143 1163 3180 ut
1202 3133 1377 3181 frustm
1408 3132 1477 3181 sit

454 3208 715 3257 hmbinus
732 3244 747 3266 ‚
806 3212 894 3274 qui
938 3211 1019 3258 hic
1070 3211 1229 3259 adhue
1278 3222 1475 3274 paratus

455 3288 649 3335 videtur
664 3288 919 3337 admittere
936 3290 1189 3353 expavisse
1196 3308 1219 3347 ,-
1230 3306 1343 3339 nam
1360 3308 1475 3339 sanc

454 3366 687 3415 indicium
714 3369 907 3432 pavoris
932 3369 1111 3432 pallor.
1135 3372 1304 3419 Gau-r.

534 3462 551 3495 ι
564 3450 611 3497 8.
627 3451 981 3495 Inconstaneer
1002 3448 1255 3512 loquumm
1272 3464 1389 3497 esse.
1414 3452 1475 3498 In

456 3542 677 3574 sermone
702 3526 797 3574 sibi
818 3542 921 3575 non
942 3528 1229 3576 constitisse.
1262 3530 1437 3577 wan.

536 3622 613 3669 ¹9·
660 3604 945 3654 concidisse.
987 3610 1063 3671 Qu
1072 3606 1126 3656 '1'1
1149 3618 1221 3655 ese
1258 3606 1417 3655 tombe'
1440 3606 1476 3654 ὰ

450 3702 669 3751 genoux.
689 3686 739 3733 J.
752 3688 817 3735 V.
836 3690 1081 3736 Lucane.
1094 3688 1356 3736 -Nonne
1378 3704 1470 3753 po·

454 3766 549 3815 tius
569 3781 583 3814 :
611 3786 634 3807 ι
653 3766 819 3815 animo
842 3778 895 3815 et
918 3766 1103 3816 viribus
1131 3768 1364 3816 defecisse
1390 3788 1437 3817 ι.

524 3862 605 3895 ao.
630 3848 725 3893 Um
746 3858 1025 3895 venturum.
1046 3848 1182 3896 Vett.
1196 3847 1313 3895 edd.
1330 3870 1351 3890 ι
1366 3848 1475 3896 usui

450 3928 665 3975 futurum
694 3946 741 3973 ⁸·-

522 4022 551 4053 α
566 4024 608 4056 ι.
670 4008 732 4051 Ue
783 4004 1193 4072 considendssae'me
1247 4006 1473 4053 resistens

448 4084 774 4149 responderet.
820 4086 976 4133 Locus
1014 4086 1065 4133 in
1104 4086 1241 4135 libris
1278 4086 1471 4148 scriptis

1561 2269 1634 2308 est
1662 2259 1802 2308 valde
1837 2258 2154 2308 conturbatus
2187 2267 2236 2305 et
2275 2255 2457 2303 vadus.
2485 2255 2587 2302 Ou-

1563 2338 1862 2404 dendorpius
1915 2339 2117 2402 corrigit
2159 2360 2186 2380 n
2239 2337 2482 2385 resisteret
2537 2346 2589 2383 et

1563 2434 1689 2482 resp.
1717 2440 1744 2461 a·
1774 2419 1912 2482 quod
1949 2430 2022 2467 est
2060 2418 2308 2482 frigidum.
2349 2416 2586 2463 Resistens

1563 2509 1692 2546 recte
1713 2514 1765 2545 se
1783 2499 1931 2546 habet
1950 2513 1963 2547 :
1983 2507 2072 2557 est,
2094 2498 2178 2560 qui
2205 2507 2386 2551 manet,
2405 2510 2496 2543 nee
2519 2510 2588 2539 re-

1565 2578 1688 2641 fugit
1707 2592 1978 2626 sermonem
1997 2592 2054 2625 ac
2073 2575 2424 2623 defensionem.
2449 2574 2562 2619 Ean
2575 2608 2586 2619 .

1563 2684 1634 2693 —-
1657 2656 1856 2705 Schiitz.
1905 2677 1928 2699 ιι
1953 2666 2009 2705 ut
2047 2654 2436 2703 constantissime
2461 2666 2584 2699 con-

1563 2738 1736 2785 sistens
1763 2752 1890 2800 resp.
1911 2758 1936 2777 »
1959 2738 2016 2783 In
2039 2736 2128 2783 MS
2151 2733 2373 2782 Lambin.
2403 2732 2586 2795 inquit.

1563 2826 1636 2863 est
1679 2816 1958 2863 consistens.
1999 2816 2097 2861 Pro
2139 2810 2548 2879 confidentissime
2569 2843 2585 2865 ,

1564 2895 1700 2958 quod
1723 2896 1838 2942 ferri
1863 2894 2064 2958 nequit,
2086 2889 2206 2956 qnia
2231 2891 2450 2954 sequitur
2469 2906 2586 2937 mox

1567 2993 1594 3013 ι
1615 2990 1728 3036 quoe
1743 2975 1878 3038 signa
1897 2972 2206 3021 confidentia
2225 2980 2376 3019 sunt·
2391 3003 2406 3028 ,
2425 2984 2588 3016 emen-

1565 3050 1678 3100 davi
1699 3052 2101 3101 constana‘ssime.
2125 3052 2252 3099 Nam
2275 3050 2328 3097 in
2347 3048 2585 3109 eiusmodi

1564 3146 1704 3179 causa
1739 3132 2007 3180 constantia
2041 3132 2114 3179 rei
2147 3130 2324 3195 saepius
2349 3142 2587 3177 memora·

1563 3222 1659 3258 tur.
1685 3212 1765 3259 Sic
1793 3211 1938 3260 Catil.
1959 3213 2034 3259 111
2055 3244 2070 3269 ‚
2095 3212 2143 3265 5,
2163 3220 2234 3259 est
2261 3230 2286 3251 α
2309 3216 2584 3255 constanter

1565 3291 1854 3356 respondere
1885 3314 1928 3340 n.
1951 3294 2016 3340 Et
2039 3290 2090 3337 h.
2123 3290 2160 3337 1.
2195 3287 2358 3353 paullo
2383 3296 2496 3333 ante
2529 3285 2584 3331 in

1563 3386 1620 3417 re
1639 3371 1880 3420 contraria
1907 3392 1930 3413 α
1963 3370 2298 3419 inconstanter
2323 3366 2583 3429 loquutum

1563 3466 1666 3498 esse
1683 3470 1724 3498 ιι.

1636 3532 1720 3577 VI.
1742 3546 1787 3578 ι.
1809 3532 1942 3593 App.
1965 3526 2372 3591 ese.Appmbatio
2392 3540 2493 3573 esse
2515 3525 2585 3569 vi-

1565 3607 1709 3655 detur
1727 3624 1826 3671 qua
1849 3608 2052 3655 facimus
2077 3616 2134 3654 nt
2159 3606 2262 3653 sive
2281 3618 2423 3653 causa
2451 3603 2584 3666 ipsa,

1563 3688 1666 3735 sive
1687 3702 1875 3750 argum.
1895 3685 2096 3749 aliquod
2112 3696 2198 3733 aut
2213 3682 2468 3737 indicium,
2483 3680 2588 3729 aive

1565 3768 1642 3813 vir
1675 3766 1850 3829 aliquis
1877 3782 1965 3813 seu
2001 3765 2165 3821 testis,
2201 3780 2286 3811 seu
2313 3772 2586 3815 aecusator,

1563 3862 1648 3893 seu
1668 3857 1900 3909 patronus
1915 3876 1928 3901 ‚
1945 3843 2244 3907 approbetur
2259 3841 2586 3899 audientibus,

1564 3935 1650 3973 aut
1677 3940 1782 3973 non
1817 3922 2134 3987 approbetur.
2157 3948 2228 3959 —-
2250 3926 2453 3969 preuves
2475 3934 2586 3965 eon-

1547 4002 1820 4071 firmaeives
1835 4036 1850 4061 ,
1889 4004 1939 4051 J.
1975 4005 2037 4048 V.
2069 4004 2314 4051 Lacenae.
2353 3998 2484 4047 Vide
2523 3997 2586 4045 de

1565 4087 1672 4133 Inv.
1697 4087 1748 4145 1,
1779 4083 1865 4138 34.
