2982 4682
500 374 641 447 536
1186 372 1284 438 M.
1336 374 1411 439 T.
1464 352 1952 441 elcmole

498 503 575 569 in
611 496 971 568 Curiana⁴
1018 514 1231 565 causa
1264 492 1610 590 exemplis
1643 493 1974 590 plurimis
2017 516 2192 564 usus
2225 508 2334 564 est
2353 549 2374 579 ,
2405 518 2624 591 agens

496 608 589 679 de
624 631 713 678 eo
736 604 789 689 ⁵,
816 604 947 704 qui
972 619 1403 675 testamento
1441 604 1542 674 sic
1583 600 1973 673 heredem⁶
2017 604 2482 685 instituisset,
2507 617 2622 685 ut,

498 718 559 788 si
584 714 777 786 filius
810 730 1021 785 natus
1048 728 1235 785 esset
1260 715 1335 783 in
1368 713 1620 784 decem
1641 711 2008 784 mensibus
2025 769 2046 802 ,
2069 715 2274 811 isque
2301 727 2624 783 mortuus

495 829 969 925 prius,quam
997 827 1073 893 in
1102 847 1301 895 suam
1330 822 1628 894 tutelam
1661 828 2006 909 venisset,
2031 818 2391 893 secundus
2419 822 2624 893 heres

494 936 967 1007 hereditatem
1018 933 1382 1005 obtineret
1402 944 1451 1001 ⁷.
1507 936 1688 1022 Quae
1735 936 2326 1005 commemoratio
2381 956 2620 1003 exem-

493 1046 788 1145 plorum
816 1045 1359 1140 valuit»;eaqne
1384 1068 1514 1113 vos
1541 1048 1618 1112 in
1641 1044 2154 1141 respondendo
2178 1044 2287 1113 uti
2319 1041 2620 1112 multum

498 1156 763 1228 soletis.
801 1156 993 1225 Ficta
1029 1156 1239 1224 etiam
1270 1153 1600 1250 exempla
1625 1152 2109 1225 similitudinis
2143 1152 2414 1223 habent
2441 1153 2620 1237 vim3

496 1264 623 1339 sed
652 1291 744 1337 ea
777 1267 1085 1336 oratoria
1118 1265 1343 1360 magis
1380 1279 1586 1352 suut,
1625 1288 1844 1360 quam
1869 1280 2102 1335 vestra
2137 1290 2152 1333 ε
2187 1286 2620 1360 quamquam

496 1380 605 1448 uti
650 1379 867 1447 etiam
914 1398 1045 1444 vos
1080 1372 1329 1444 ‘soletis
1350 1426 1369 1455 ,
1422 1372 1550 1443 sed
1591 1373 1736 1444 hoc
1777 1372 1998 1445 modo
2033 1403 2050 1443 ε
2103 1404 2136 1439 «
2159 1379 2378 1470 Finge
2422 1398 2622 1443 man-

496 1488 688 1584 cipio
740 1485 1053 1580 aliquem
1104 1477 1433 1554 dedisse⁸
1480 1481 1594 1567 id,
1630 1483 1834 1579 quod
1875 1485 2236 1580 mancipio
2271 1482 2424 1553 dari
2477 1506 2622 1552 non

498 1609 737 1694 potest
767 1622 782 1663 :
830 1616 1005 1663 num
1056 1592 1325 1662 idcirco
1364 1590 1433 1662 id
1470 1592 1629 1687 ejus
1655 1591 1928 1663 factum
1965 1608 2113 1678 est,
2149 1595 2274 1688 qui
2311 1592 2626 1688 accepit?

498 1720 622 1777 aut
660 1729 837 1775 num
874 1705 971 1792 is,
1008 1706 1137 1800 qui
1176 1703 1534 1801 mancipio
1569 1701 1812 1789 dedit,
1846 1701 1946 1774 ob
1986 1726 2145 1773 eam
2181 1726 2336 1771 rem
2371 1724 2448 1771 se
2484 1697 2624 1769 ulla

496 1840 579 1887 re
622 1813 967 1911 obligavit
984 1814 1063 1883 9?
1084 1844 1117 1878 n
1150 1817 1233 1883 ln
1274 1811 1413 1883 hoc
1462 1838 1724 1907 genere
1755 1813 2164 1885 oratoribus
2209 1826 2282 1883 et
2322 1808 2626 1909 philoso-

500 1922 753 2021 phis¹⁰
801 1946 1227 1993 concessum
1270 1937 1410 2007 est,
1461 1936 1546 1991 ut
1579 1936 1782 1993 muta
1823 1924 2034 1993 etiam
2082 1924 2504 2020 loquantur,
2547 1934 2630 1989 ut

502 2034 773 2105 mortui
817 2032 909 2103 ab
952 2030 1197 2103 inferis
1245 2035 1672 2119 excitentur,
1712 2048 1839 2103 aut
1885 2032 2190 2130 aliquid,
2241 2030 2442 2129 quod
2475 2029 2630 2103 fieri

500 2143 709 2214 nullo
740 2140 963 2213 modo
1009 2143 1275 2239 possit,
1326 2141 1672 2237 augendae
1713 2145 1813 2213 rei
1843 2144 2110 2239 gratia,
2141 2141 2456 2231 dicatur,
2507 2158 2630 2215 aut

500 2251 949 2338 minuendae,
994 2278 1153 2349 quae
1192 2251 1590 2350 hyperbole
1631 2250 2000 2340 diciturn,
2037 2268 2110 2325 et
2153 2253 2376 2325 multa
2413 2255 2625 2325 mira·

497 2453 623 2512 rim,
648 2467 749 2500 non
768 2484 784 2510 ,
820 2461 877 2501 ut
908 2451 1019 2512 alii,
1044 2449 1287 2514 adjicere,
1316 2450 1457 2514 quod
1473 2463 1524 2499 et

502 2532 662 2592 rejicit
699 2531 865 2592 Cujac.
900 2529 1106 2578 Observ.
1131 2529 1344 2588 lib.·1v‚
1368 2547 1415 2577 c.
1439 2532 1520 2578 15.

506 2612 675 2658 Gau-r.

572 2696 621 2744 4.
640 2690 700 2735 In
727 2686 943 2736 Curiana
964 2686 1284 2736 cansa.Vide
1308 2687 1399 2734 lib.
1419 2690 1443 2734 1
1462 2687 1526 2734 de

500 2771 639 2818 Orat.
665 2783 773 2832 cap.
802 2768 897 2829 393
928 2768 1043 2814 item
1068 2767 1202 2813 Brut.
1228 2767 1311 2828 39.

577 2849 623 2895 5.
650 2850 821 2911 Agens
842 2845 904 2893 de
930 2863 1005 2893 eo.
1037 2845 1193 2893 Abest
1224 2844 1321 2892 hoc
1353 2843 1415 2891 ab
1442 2844 1523 2892 ed.

392 2925 403 2936 ‘
500 2929 625 2975 Ven.
658 2925 793 2974 Med.
835 2924 952 2974 Ald.
990 2927 1117 2974 Mox
1152 2934 1205 2972 et.
1238 2944 1263 2965 ι
1280 2923 1526 2972 „cundu-

501 3007 640 3053 heree
664 3025 705 3052 n.
742 3006 871 3050 Eun.

572 3087 620 3134 6.
637 3085 891 3133 Heredem.
913 3087 1023 3132 Hoc
1044 3085 1301 3132 Schutziue
1322 3085 1530 3132 fortasse

501 3163 763 3212 delendum
788 3164 1079 3226 suspicatur.

576 3259 625 3304 ¹7.
652 3241 916 3289 Obee'neree.
938 3242 1021 3288 Sic
1044 3241 1317 3288 necessario
1345 3251 1418 3288 eet
1443 3255 1524 3287 re-

498 3321 787 3387 ponendum
819 3335 912 3384 pro
940 3320 1250 3382 obtinuisset,
1280 3330 1329 3366 et
1346 3319 1420 3366 eic
1442 3319 1528 3366 han

500 3401 615 3449 buit
650 3400 901 3448 manifeste
928 3401 981 3446 in
1012 3397 1141 3448 libro
1172 3413 1263 3446 suo
1294 3399 1524 3446 Boetius:

500 3497 613 3528 nam
636 3477 751 3544 'pro
795 3496 857 3528 eo
901 3479 1025 3528 dicit
1068 3499 1090 3521 ι
1106 3478 1349 3526 secundus
1390 3477 1528 3526 heres

500 3560 779 3608 succederet
794 3581 837 3605 n.
866 3560 997 3607 En.
1024 3583 1097 3596 -—
1118 3559 1199 3608 Sic
1220 3557 1341 3605 olim
1358 3557 1526 3606 Lumb.

498 3651 547 3688 et
566 3655 725 3703 nuper
740 3639 853 3688 Sch-
874 3637 1070 3686 dedere.

572 3719 622 3767 8.
648 3716 897 3781 mancipio
926 3715 1139 3780 aliquem
1160 3716 1367 3764 dedisse.
1392 3717 1528 3764 Man·

495 3799 629 3863 cipio
658 3797 799 3854 dare,
842 3807 916 3844 cet
940 3812 1041 3843 rem
1070 3795 1139 3844 ita
1162 3796 1277 3844 dere
1292 3833 1307 3858 ,
1342 3807 1395 3842 ut
1418 3795 1526 3844 evi-

500 3877 712 3924 ctionem
733 3885 1045 3939 proeetaturoe
1064 3891 1159 3923 noe
1169 3875 1530 3940 spondeamus:

504 3953 753 4016 mancipio
797 3955 1046 4018 accipere,
1090 3963 1164 4002 eet
1210 3954 1378 4002 eedem
1424 3953 1530 4017 lege

506 4043 663 4076 emere
698 4044 712 4078 :
756 4033 1055 4095 mancipium
1108 4030 1238 4079 enim
1286 4030 1528 4096 significet

506 4104 689 4152 domini
710 4107 1035 4158 traditionem.
1059 4110 1253 4160 Fut-tiva
1276 4111 1525 4174 mancipio

1609 2451 1715 2500 dari
1743 2467 1842 2500 nou
1867 2465 2096 2517 possunt.
2125 2455 2287 2516 Quare
2317 2451 2448 2517 apud
2475 2453 2628 2501 Plaut.

1607 2531 1660 2578 in
1687 2533 1826 2578 Persa
1849 2566 1864 2589 ‚
1889 2543 1988 2578 act.
2017 2533 2106 2590 lv,
2145 2547 2214 2578 sc.
2249 2533 2309 2590 3,
2345 2531 2406 2578 de
2434 2529 2630 2580 muliere

1608 2610 1744 2657 furto
1768 2609 1977 2658 abducta
2009 2610 2190 2658 dieitur
2210 2626 2224 2658 :
2256 2632 2278 2653 ι
2300 2627 2362 2659 ac
2384 2625 2478 2659 suo
2501 2611 2629 2674 peri-

1611 2688 1725 2735 culo
1775 2691 1818 2735 ie
1858 2700 1988 2736 emet
2026 2689 2112 2752 qui
2161 2703 2268 2738 enm
2313 2689 2628 2748 mercabitur,

1610 2765 1867 2829 Mancipio
1931 2781 2088 2829 neque
2147 2768 2430 2829 promittet,
2474 2783 2630 2831 neque

1609 2847 1865 2910 quisquam
1889 2845 2026 2895 dabit
2046 2868 2087 2896 υ.
2119 2848 2304 2895 Paner-

1681 2941 1734 2988 9.
1767 2927 1842 2974 ob
1867 2943 1976 2972 eam
2003 2941 2104 2974 nem
2131 2941 2186 2974 se
2221 2926 2329 2974 nlla
2361 2942 2418 2974 re
2451 2925 2630 2990 obligo-

1611 3003 1715 3052 ve't?
1741 3007 1838 3052 Int.
1861 3015 1913 3055 ut
1931 3005 2222 3055 evictionem
2247 3019 2476 3069 prestare
2501 3016 2632 3053 teue-

1609 3095 1757 3131 retue.
1783 3085 1974 3147 Nempe
1997 3084 2117 3146 quia
2151 3101 2255 3141 ms,
2281 3100 2430 3148 quam
2461 3084 2633 3132 menci-

1609 3163 1696 3226 pio
1723 3162 1860 3210 dedit
1875 3197 1890 3219 ,
1915 3177 2014 3210 uon
2039 3175 2140 3210 erat
2163 3163 2218 3210 in
2231 3163 2376 3212 rebus
2393 3163 2632 3228 mancipi,

1609 3241 1849 3305 obligatio
1873 3241 2007 3290 illius
2029 3243 2330 3290 venditionis
2347 3241 2511 3292 locum
2529 3255 2630 3290 uon

1607 3321 1917 3370 hebet-Eun.

1689 3417 1764 3448 xo.
1786 3402 1852 3447 Be
1871 3399 2190 3464 philosophis.
2213 3400 2384 3449 lamb.
2401 3399 2630 3466 etpeen's.

1609 3481 1786 3526 'Verius
1826 3489 1900 3526 est
1947 3488 1998 3526 ee
2031 3478 2338 3542 pbilosophis
2379 3496 2443 3528 ex
2489 3479 2632 3528 initio

1609 3559 1754 3618 huius
1791 3558 1968 3622 capitis
2005 3557 2074 3605 ab
2112 3557 2470 3622 interpolatore
2503 3558 2633 3620 adje-

1611 3649 1747 3686 ctum
1777 3654 1900 3685 esse.
1941 3637 2058 3685 Seu.

1693 3733 1713 3764 1
1729 3733 1774 3766 ι.
1829 3719 1952 3780 Quae
1995 3715 2254 3781 hyperbole
2297 3716 2497 3766 dicitur.
2545 3715 2634 3764 MS

1619 3793 1766 3844 habet
1797 3795 2223 3859 aquod...graeoe
2243 3795 2462 3843 dicitur·
2486 3814 2500 3841 =
2530 3809 2638 3858 qut

1618 3877 1856 3939 ecriptura
1889 3875 2050 3922 omnia
2085 3875 2190 3922 loce
2230 3886 2458 3937 suspectu
2491 3874 2608 3922 facit
2621 3909 2636 3930 .

1617 3965 1701 4002 aut
1715 3955 1820 4002 vitii
1837 3955 2013 4018 arguit,
2028 3954 2082 4001 iu
2099 3953 2280 4018 quibua
2297 3953 2469 4002 cimilia
2487 3953 2636 4000 rom·

1616 4045 1716 4089 eet,
1749 4037 1882 4082 utin
1912 4035 2051 4082 Orat.
2073 4035 2152 4094 11,
2188 4031 2362 4097 «quod
2387 4027 2636 4098 χαρακτὴρ

1616 4111 1794 4163 dieitur
1811 4137 1854 4163 u.
1873 4116 2026 4178 Supra
2039 4149 2054 4174 ‚
2074 4128 2184 4178 cap.
2207 4129 2256 4174 7,
2287 4135 2314 4156 σι
2327 4112 2464 4175 quod
2481 4107 2637 4159 Gnaei
