2982 4682
457 352 596 434 244
1125 350 1220 428 M.
1276 349 1353 417 Τ.
1408 349 1907 419 CICERONIS

451 468 840 555 maleficio,
873 493 1014 540 vox
1047 469 1270 559 illius,
1295 474 1420 568 qui
1453 469 1942 562 occidebatur,
1966 469 2208 540 audita
2230 479 2291 554 ‘¹;
2312 465 2600 540 deinde-

452 595 618 676 post
651 581 1126 665 occisionem,
1163 582 1377 651 istum
1423 581 1653 652 muita
1698 595 1912 651 nocte
1952 579 2251 650 domum
2288 577 2579 650 rediisse

449 705 769 776 constat3
827 702 1116 788 postera
1179 687 1296 759 die
1366 689 1761 761 titubanter
1813 704 1886 758 et
1940 689 2433 758 inconstanter
2486 685 2579 756 de

451 800 814 870 occisione
873 797 1064 869 illius
1113 799 1543 894 loquutum3
1602 799 1753 869 haec
1791 802 2047 895 partim
2108 797 2575 880 testimoniis»,

451 910 710 1006 partim
763 907 1282 1006 quaestiouibus
1339 923 1412 979 et
1465 909 1906 1005 argumentis
1958 909 2200 976 omnia
2238 931 2577 1003 compro·

451 1016 747 1105 bantur,
787 1033 863 1088 et
897 1042 1188 1089 rumore
1229 1018 1519 1116 populi,
1568 1041 1785 1116 quem
1842 1042 1931 1087 ex
1976 1020 2414 1113 argumentis
2450 1040 2577 1086 na-

448 1143 605 1198 tum
633 1183 653 1214 ‚
693 1151 982 1198 necesse
1035 1141 1144 1197 est
1183 1151 1336 1199 esse
1378 1153 1623 1198 verum
1658 1155 1673 1197 z
1716 1141 2031 1199 vestrum
2078 1142 2223 1214 est,
2262 1126 2577 1220 judica,

447 1238 556 1310 his
609 1239 684 1308 in
743 1262 974 1308 unum
1021 1236 1260 1307 locum
1304 1232 1647 1322 collatis⁸‚
1690 1251 1959 1308 certam
2016 1259 2303 1307 sumere
2344 1241 2576 1308 scien-

447 1351 696 1436 namo,
731 1372 880 1417 non
919 1348 1398 1444 suspicionem
1438 1346 1786 1419 maleficii.
1816 1351 1996 1419 Nam
2032 1370 2259 1417 unum
2284 1345 2575 1443 aliquid,

449 1473 577 1528 aut
643 1456 950 1527 alterum
1005 1471 1249 1554 potest
1309 1459 1386 1526 in
1445 1457 1663 1527 istum
1729 1481 1897 1528 casu
1956 1453 2294 1527 cecidisse
2341 1459 2576 1551 suspi-

447 1568 776 1638 ciose¹⁰z
825 1579 907 1636 ut
966 1567 1207 1636 omnia
1261 1567 1450 1637 inter
1494 1589 1572 1638 se
1608 1591 1651 1635 a
1690 1570 1927 1662 primo
1980 1563 2073 1636 ad
2129 1581 2575 1661 postremum

449 1680 883 1747 conveniant
915 1672 1288 1771 [maleficia
1312 1684 1335 1718 ¹
1351 1674 1440 1774 ¹]‚
1461 1699 1755 1747 necesse
1780 1691 1887 1746 est
1906 1686 1966 1720 ¹²
1987 1699 2153 1746 casu
2182 1699 2332 1745 non
2362 1698 2571 1773 posse

449 1785 679 1857 fieri».
717 1782 1126 1856 Vehemens
1178 1799 1283 1855 est
1327 1785 1478 1856 haec
1532 1789 1939 1868 exornati0‚
1976 1799 2049 1855 et
2098 1784 2171 1853 in
2210 1784 2581 1878 conjectu-

451 1895 580 1966 rali
625 1895 1148 1967 constitutione
1181 1919 1410 1967 causae
1442 1892 1671 1966 ferme
1707 1918 1993 1992 semper
2028 1897 2457 1978 necessaria,
2502 1907 2575 1964 et

450 2007 528 2075 in
563 2005 815 2076 ceteris
848 2002 1234 2100 generibus
1275 2027 1688 2089 causarum,
1725 2017 1795 2073 et
1830 2003 1905 2072 in
1932 1994 2215 2073 omni1³
2250 2004 2575 2073 oratione

451 2113 862 2186 adhibenda
898 2138 1476 2210 nonnumquam.

547 2228 762 2295 XLII.
793 2222 1429 2320 (xLu.)Expolitio¹
1459 2237 1589 2308 est,
1610 2247 1837 2319 quum
1870 2224 1944 2292 in
1978 2221 2232 2294 eodem
2252 2222 2413 2293 loco
2436 2247 2579 2294 ma-

457 2358 738 2420 nemuS‚
761 2348 832 2405 et
869 2331 1063 2404 aliud
1085 2348 1304 2430 atque
1332 2331 1529 2404 aliud
1565 2331 1801 2403 dicere
1842 2332 2188 2404 videmur.
2214 2336 2312 2403 Ea
2350 2332 2579 2431 dupli-

457 2445 635 2515 citer
695 2440 820 2529 fit,
865 2443 924 2511 si
967 2456 1092 2512 aut
1125 2440 1451 2513 eamdem
1479 2441 1693 2539 plane
1736 2468 1889 2513 rem
1933 2443 2292 2527 dicemuS‚
2334 2458 2457 2514 aut
2492 2443 2579 2514 de

457 2550 704 2624 eadem
741 2576 842 2621 re.
881 2550 1218 2624 Eamdem
1253 2575 1406 2622 rem
1455 2550 1815 2636 dicemus»,
1864 2578 2013 2625 non
2053 2549 2309 2623 eodem
2362 2552 2581 2625 modo

455 2744 590 2791 nium
617 2741 736 2791 Pall.
762 2752 812 2790 et
837 2742 990 2791 Bruil.
1027 2758 1141 2791 nam
1165 2742 1350 2807 alioqui
1376 2758 1479 2790 nou

458 2820 664 2870 absurde
683 2821 901 2884 impressi
925 2836 938 2869 :
960 2844 984 2863 α
998 2822 1052 2868 in
1071 2822 1180 2885 ipso
1206 2822 1320 2869 loco
1337 2822 1479 2869 male·

458 2900 611 2949 flciin.
635 2898 1091 2952 Guium—Subiit&
1114 2900 1164 2947 in
1184 2892 1287 2965 ipio
1304 2936 1321 2958 ,
1345 2900 1480 2948 nullo

459 2978 629 3027 addito
644 2978 812 3026 verbo.
829 2978 1040 3037 Scilicet,
1053 2979 1232 3042 inquit,
1246 2980 1337 3029 int.
1355 2982 1480 3028 Ioco.

533 3074 581 3117 ⁶7.
606 3056 806 3104 Audica.
824 3056 992 3104 Delevi
1005 3066 1100 3114 est,
1116 3058 1252 3120 quod
1272 3059 1406 3106 abest
1423 3058 1482 3105 li-

461 3138 562 3184 bris
575 3134 875 3182 melioribus.
893 3136 1131 3183 Eunu-rx.

535 3216 587 3261 ⁸.
607 3214 700 3261 His
719 3212 768 3260 in
789 3228 938 3261 unum
956 3213 1114 3260 locum
1131 3213 1338 3263 collatis.
1359 3216 1484 3263 MSS

435 3312 440 3317 ·
462 3292 660 3357 quidam
682 3290 803 3338 boni
828 3290 1018 3339 addunt
1037 3306 1102 3338 ex
1121 3307 1222 3338 uon
1245 3294 1366 3341 maie
1381 3328 1396 3353 ,
1425 3304 1484 3342 ut

455 3369 707 3433 judic-bat
728 3369 972 3435 Grapvius,
987 3369 1071 3417 sed
1095 3378 1252 3417 tamen
1277 3387 1378 3419 non
1399 3388 1483 3419 ne-

461 3449 720 3498 ceu-rium
745 3458 884 3512 puto.
905 3449 1031 3495 Ean.
1231 3506 1246 3517 ·

534 3544 587 3591 9.
629 3528 814 3575 Cer-cam
851 3542 1040 3574 sumere
1080 3526 1364 3578 scienciam.'
1403 3531 1483 3578 Sic

463 3609 642 3671 passim
667 3622 836 3655 omnes
862 3606 974 3655 edd.
1011 3617 1060 3654 at
1087 3607 1216 3655 enim
1241 3610 1364 3657 MSS
1390 3626 1482 3658 no-

461 3687 548 3735 stri
575 3687 838 3751 persistunt
873 3686 924 3733 in
949 3700 1137 3733 sumere
1173 3688 1476 3738 sententiam.

464 3767 694 3814 Gau-ram

541 3862 617 3895 ro.
661 3844 904 3894 Cecidisse
929 3844 1204 3909 suspiciose.
1249 3848 1318 3894 n-
1355 3848 1484 3896 ceci·

461 3924 588 3972 diue
600 3958 614 3980 ,
643 3936 697 3971 ut
716 3924 1036 3987 suspicionem
1054 3923 1276 3970 afferant.

541 4018 560 4048 x
575 4016 594 4047 ι
609 4036 622 4048 .
646 4001 911 4068 Haleficia.
927 4006 1036 4049 Hoc
1057 4013 1240 4049 rectum
1261 4018 1362 4050 este
1379 4020 1481 4053 non

469 4088 628 4143 potest
649 4079 919 4145 :maleficio
933 4112 948 4137 ‚
973 4079 1108 4141 quod
1125 4082 1178 4127 in
1203 4084 1368 4145 paucis
1385 4100 1478 4134 scr.

1568 2744 1831 2807 reperitur,
1859 2755 1933 2792 ent
1950 2759 1979 2792 a
2006 2755 2298 2793 correctore.
2320 2746 2489 2809 Itaque
2510 2762 2582 2793 se-

1569 2836 1694 2885 quor
1710 2822 1995 2871 Iambinnm
2009 2857 2023 2882 ‚
2042 2824 2125 2887 qni
2139 2839 2233 2888 pro
2252 2825 2421 2887 spurio
2444 2840 2585 2888 repu-

1570 2900 1687 2948 diat.
1715 2902 1809 2949 Sed
1832 2914 1991 2951 tamen
2020 2902 2235 2967 inltextu
2254 2902 2428 2966 reliqui
2446 2904 2585 2951 uncis

1569 2978 1829 3029 inclusum.
1866 2981 1994 3028 Ean.
2014 3006 2085 3017 —
2102 2980 2356 3030 Sohiitzim
2381 2982 2582 3030 omnino

1570 3056 1767 3109 delevit.

1648 3149 1722 3184 ια.
1750 3139 1954 3186 Necesse
1972 3151 2060 3186 est.
2086 3138 2281 3187 Schiitz.
2300 3150 2475 3187 certum
2498 3152 2582 3189 est.

1568 3218 1830 3281 Vulgntum
1846 3250 1863 3275 ,
1881 3218 2041 3282 inquit
2054 3254 2068 3277 ,
2088 3234 2189 3267 non
2208 3218 2331 3267 bene
2354 3218 2455 3266 coit
2472 3234 2585 3267 eum

1569 3312 1667 3343 non
1682 3312 1829 3361 posse
1840 3296 1975 3364 fieri.

1648 3391 1667 3421 1
1680 3376 1730 3424 3.
1754 3376 1821 3421 Et
1837 3376 1885 3422 in
1914 3387 2003 3423 cet.
2018 3392 2133 3441 gen.
2161 3392 2449 3435 caenatum,
2469 3386 2517 3423 ee
2534 3375 2583 3423 in

1572 3456 1704 3502 omni
1720 3455 1959 3503 oracione.
1983 3458 2025 3502 1.
2045 3471 2086 3503 e.
2110 3471 2211 3504 non
2230 3454 2378 3503 modo
2399 3456 2451 3502 in
2470 3471 2583 3504 can-

1572 3534 1661 3591 si⁸‚
1682 3534 1765 3581 sed
1786 3544 1834 3581 et
1852 3535 1904 3581 in
1924 3532 2239 3581 deliberativo
2257 3536 2375 3582 etin
2392 3532 2587 3582 demon·

1572 3614 1775 3661 etr-tivo
1802 3628 1989 3675 genere.

1642 3692 1800 3739 XLII.
1832 3708 1876 3738 1.
1899 3690 2169 3755 Expolitt'o.
2190 3691 2349 3753 Quam
2368 3707 2469 3739 uon
2487 3706 2588 3738 ease

1571 3786 1767 3829 vanam,
1790 3781 1845 3817 ut
1875 3769 2097 3818 nonnulli
2119 3770 2403 3834 opinantur,
2418 3770 2591 3833 loqua-

1572 3850 1791 3907 citatem,
1816 3860 2019 3898 testatur
2043 3850 2233 3898 Racinii
2270 3849 2423 3897 nostri
2450 3849 2589 3896 locus

1570 3930 1795 3994 Iphigen.
1826 3941 1919 3977 act.
1957 3930 2049 3987 IV,
2080 3944 2211 3976 scen.
2253 3938 2314 3987 4,
2357 3927 2441 3975 ubi
2470 3927 2585 3991 cly-

1570 4019 1839 4056 taemnestra
1872 4012 2284 4071 Agamemnonem
2323 4006 2587 4069 interrogat

1571 4086 1691 4151 qnid
1715 4103 1807 4150 pro
1830 4087 2061 4136 servanda
2084 4085 2183 4135 filia
2209 4085 2376 4152 egerit.
