2982 4682
582 362 722 461 590
1256 366 1355 431 Μ.
1406 364 1484 429 Τ.
1545 364 2033 436 CICERONIS

586 481 897 557 dicendo
922 480 1169 553 fidem.
1206 486 1305 553 Ea
1342 497 1417 553 et
1448 483 1844 555 verborum
1893 509 2155 582 genere
2197 488 2607 581 conficitur,
2641 508 2712 565 et

582 592 1107 667 rerum.Verba
1146 591 1485 691 ponenda
1529 607 1742 679 sunt,
1797 618 1959 691 quae
1999 597 2148 665 vim
2193 596 2507 671 habeant
2547 602 2709 673 inu·

586 705 895 791 strandi,
934 729 1072 776 nec
1109 702 1200 774 ab
1238 728 1375 774 usu
1426 705 1573 774 sint
1613 702 2107 792 abhorrentia,
2149 710 2424 803 gravia,
2463 709 2704 807 plena,

582 818 948 901 sonantia,
977 815 1259 909 juncta,
1294 812 1481 884 facta
1507 868 1525 901 ‚
1569 817 2159 913 cognominata²‚
2203 842 2356 888 non
2393 821 2703 918 vulgata,

584 926 981 1024 superlata,
1024 925 1500 1022 inprimisque
1542 924 1910 1011 translata,
1953 928 2194 997 necin
2237 931 2532 1027 singulis
2559 958 2709 1003 ver-

583 1034 735 1121 bis,
778 1034 899 1105 sed
934 1036 1010 1105 in
1047 1033 1593 1106 continentibus
1629 1035 1862 1105 soluta
1879 1028 1930 1121 3,
1981 1026 2143 1132 quae'
2175 1037 2518 1113 dicuntur
2555 1045 2706 1115 sine

584 1145 1137 1239 conjunctione,
1184 1158 1267 1213 ut
1306 1144 1513 1241 plura
1557 1144 1954 1215 videantur.
1999 1152 2284 1245 Augent
2335 1152 2546 1222 etiam
2593 1176 2706 1223 re·

585 1257 725 1327 lata
750 1254 1007 1341 verba,
1029 1258 1311 1339 iterata,
1338 1252 1694 1350 duplicata
1714 1253 1770 1338 4,
1791 1269 1864 1324 et
1908 1281 2024 1343 ea,
2059 1282 2222 1354 quae
2263 1260 2708 1335 adscendunt

584 1365 931 1465 gradatim
961 1364 1051 1434 ab
1084 1361 1594 1434 humilioribus
1629 1363 1868 1435 verbis
1893 1366 1984 1461 ad
2015 1370 2386 1465 superiora
2402 1361 2458 1459 ⁵,
2481 1375 2708 1444 omni-

584 1501 831 1574 noque
862 1497 1146 1570 semper
1162 1474 1365 1570 quasi
1386 1474 1732 1545 naturalis
1753 1490 1824 1545 et
1847 1501 1996 1547 non
2017 1480 2391 1575 explanata
2415 1479 2706 1571 oratio⁶,

582 1588 705 1659 sed
741 1583 1076 1681 gravibus
1112 1581 1374 1653 referta
1409 1582 1684 1669 verbis,
1721 1584 1808 1655 ad
1858 1588 2268 1684 augendum
2305 1615 2706 1663 accommo·b

579 1699 833 1776 datior.
870 1700 1033 1763 Hoec
1066 1694 1287 1791 igitur
1322 1698 1397 1765 in
1432 1692 1718 1781 verbis;
1757 1696 2031 1793 quibus
2065 1702 2254 1769 actio
2290 1701 2519 1788 vocis,
2553 1702 2704 1773 vul·-

578 1822 697 1878 tus
716 1817 773 1891 7,
810 1820 881 1875 et
913 1820 1151 1901 gestus
1188 1828 1636 1901 congruens,
1679 1820 1753 1874 et
1783 1821 1948 1903 apta
1981 1806 2069 1877 ad
2112 1812 2392 1881 animos
2427 1836 2705 1908 permo-

578 1990 681 2024 nou
705 1973 843 2021 male.
869 1974 1146 2021 Eum—De
1170 1971 1479 2037 peroratione
1500 1972 1600 2025 vid.

580 2057 697 2103 Her.
714 2056 792 2111 11,
825 2054 918 2110 3⁰3
945 2054 1050 2099 Inv.
1072 2054 1112 2111 1,
1140 2053 1317 2101 52-56.

1684 1972 1863 2021 liberos
1906 1978 2259 2041 conjugemque
2295 1995 2452 2027 meam
2503 1978 2740 2028 vexare-¹

1685 2062 1760 2098 ret
1780 2074 1822 2099 n.
1864 2052 2120 2103 Sehiitziue
2155 2056 2241 2105 dat
2287 2074 2430 2106 nuon
2466 2060 2622 2107 solum
2648 2061 2702 2106 iu

652 2152 703 2185 α.
746 2136 935 2193 Facta,
968 2132 1335 2198 cognominata.
1388 2126 1622 2181 Primum'

579 2226 784 2280 uterque
822 2213 913 2261 MS
940 2224 1110 2261 noster
1132 2223 1179 2259 et
1206 2213 1285 2260 ed.
1303 2216 1431 2260 Ven.
1446 2212 1598 2281 fieta.

580 2294 838 2359 Sedfacta
856 2294 907 2340 in
928 2292 1021 2339 hac
1042 2308 1091 2338 re
1113 2294 1338 2340 usitatum
1357 2292 1598 2341 Ciceroni.

579 2377 675 2425 sed
715 2389 827 2439 quie
861 2382 975 2420 sunt
1014 2372 1161 2418 verba
1207 2374 1556 2438 cognominata
1571 2378 1600 2420 ι’

576 2457 627 2505 J.
647 2456 720 2502 M.
744 2456 923 2502 Brutus
944 2461 1292 2516 coagmentata
1310 2469 1329 2500 :
1354 2452 1441 2500 sed
1462 2452 1600 2502 Cice·

575 2535 687 2584 roni
704 2521 1077 2596 «coagmentare
1093 2531 1238 2578 verba
1260 2551 1285 2572 ι·
1305 2531 1486 2578 dicitur
1505 2546 1598 2595 pro

576 2616 763 2664 vincire
798 2611 975 2668 verba,
999 2609 1136 2673 quod
1161 2610 1223 2658 ad
1242 2609 1294 2657 h.
1320 2611 1355 2658 1.
1386 2622 1459 2659 est
1481 2611 1598 2659 elie-

574 2707 734 2744 num:
773 2707 885 2740 nan
911 2705 1069 2736 senno
1108 2700 1181 2737 eet
1221 2689 1281 2736 de
1307 2689 1469 2738 verbis
1497 2691 1596 2738 niu·

580 2772 707 2838 gulis
735 2787 748 2818 ε
779 2787 869 2818 nec
897 2780 1013 2816 sunt
1050 2770 1323 2832 composita
1353 2783 1367 2816 ε
1400 2786 1514 2818 nam
1540 2786 1595 2818 ea

574 2864 687 2902 aute
706 2851 833 2898 dixit
855 2849 1049 2912 juncea.
1070 2848 1208 2896 Nihil
1226 2849 1398 2897 melius
1415 2850 1593 2908 habeo,

571 2948 717 2997 quam
734 2946 835 2978 esee
862 2926 1067 2974 verbum
1092 2945 1119 2975 e
1145 2941 1304 2990 graec
1324 2925 1592 2996 συνώνυμα,

570 3024 629 3061 ut
651 3023 700 3059 et
720 3008 961 3056 Strebaeus
988 3007 1181 3070 accipit.
1201 3007 1327 3054 Eun.
1340 3033 1413 3046 -—
1434 3009 1594 3056 Vertit

570 3095 621 3142 J.
647 3094 711 3138 V.
730 3091 784 3136 L.
808 3098 931 3135 moes
951 3102 1263 3150 synonymes,
1292 3089 1590 3153 exemplum-

571 3186 666 3235 que
694 3169 774 3216 dat
797 3181 811 3214 ε
842 3188 864 3209 ι
892 3165 1146 3221 Immanis,
1174 3175 1323 3223 tetra,
1348 3165 1592 3226 crudelis,

566 3251 850 3313 importuna
866 3244 1031 3292 bellua
1049 3266 1091 3294 n.

640 3329 689 3376 3.
712 3329 815 3374 Nec
833 3325 881 3374 in
908 3325 1036 3390 sing.
1054 3323 1241 3382 verbis,
1270 3323 1361 3371 sed
1387 3324 1439 3372 in
1458 3335 1589 3374 eone.

564 3409 742 3457 soluta.
768 3405 928 3454 Vertit
955 3406 1007 3453 J.
1033 3405 1098 3454 V.
1130 3405 1183 3450 L.
1216 3401 1459 3462 ‹Ietae-hes,
1482 3421 1586 3453 non

556 3504 654 3552 pas
674 3488 777 3536 l'un
804 3486 868 3533 de
886 3486 1078 3541 fauere,
1106 3483 1230 3530 mais
1240 3499 1343 3547 par
1355 3483 1587 3531 membres

562 3567 625 3618 de
666 3565 865 3630 phrases
911 3583 929 3612 .-
973 3571 1270 3626 annotatque
1323 3561 1588 3627 significari

564 3662 667 3694 non
695 3645 840 3693 talem
868 3643 1157 3708 sententiam
1188 3661 1211 3680 α
1236 3655 1326 3689 noe
1360 3653 1584 3705 penaten,

560 3741 665 3777 aras
679 3760 694 3784 ‚
731 3725 869 3772 focos
887 3756 902 3781 ,
928 3721 1183 3785 sepulchra
1203 3721 1468 3784 meiol-uun
1490 3739 1584 3770 noe

556 3805 689 3869 leges
704 3841 718 3866 ,
744 3805 852 3864 jura
869 3839 884 3861 ‚
904 3801 1174 3849 libertatem
1190 3835 1203 3858 ,
1227 3801 1459 3863 coniuges
1477 3837 1494 3862 ,
1517 3801 1580 3848 li-

555 3884 715 3940 beros,
742 3883 947 3946 patriam
972 3879 1278 3927 defendimus
1298 3901 1340 3940 n,
1362 3879 1447 3926 nbi
1469 3896 1578 3927 ver·

553 3959 617 4008 ba
645 3963 747 4024 ipsa
783 3958 975 4022 singula
1007 3968 1279 4021 ponuntur,
1314 3957 1401 4004 sed
1436 3957 1582 4006 talem

556 4040 839 4086 sententiam
881 4051 895 4085 z
946 4060 969 4078 ι-
992 4053 1069 4083 me
1110 4036 1263 4100 patria
1297 4035 1577 4101 expulerat,

556 4115 689 4165 bona
713 4117 1009 4181 diripuerat,
1032 4115 1233 4163 domum
1258 4115 1573 4177 incenderat,

1685 2132 1886 2195 singulis
1911 2136 2088 2195 verbis,
2119 2148 2214 2185 etc.
2237 2158 2258 2178 n
2293 2138 2402 2187 vult
2427 2140 2700 2205 interpuugi

1683 2222 1802 2275 post
1827 2214 2206 2275 continentibus,
2232 2216 2697 2283 interpretaturque:

1683 2291 1911 2339 translata
1947 2294 2000 2341 in
2037 2294 2402 2346 continentibus
2443 2311 2558 2348 sunt
2591 2299 2701 2348 elle-

1683 2371 1858 2434 Βοκίας
1900 2372 2058 2420 soluta
2087 2385 2245 2422 autem
2275 2373 2526 2428 ἀσύνδιτα.

1755 2457 1806 2504 4.
1822 2451 1994 2500 Relaca
2014 2453 2184 2508 verba,
2210 2453 2408 2512 itt-mea,
2433 2456 2697 2518 duplicata.

1681 2527 1854 2576 Relata
1881 2530 2028 2578 verba
2053 2543 2166 2578 sunt
2181 2565 2196 2590 ,
2227 2548 2338 2596 quae
2365 2551 2455 2598 per
2486 2530 2698 2599 anapho-

1681 2624 1783 2656 ram
1819 2621 2139 2674 repetuntur3
2178 2611 2387 2672 iterata,
2425 2631 2576 2678 quum
2611 2614 2698 2680 (fi-

1679 2703 1797 2752 gure
1841 2690 2202 2760 antistropha)
2245 2693 2298 2739 iu
2333 2693 2464 2742 idem
2501 2695 2698 2743 verbum

1679 2769 1854 2831 sapius
1895 2769 2187 2831 desinimus5
2227 2771 2511 2836 duplicata,
2549 2790 2696 2838 quum

1677 2846 1809 2894 idem
1847 2848 2050 2897 verbum
2091 2847 2168 2896 bis
2205 2847 2441 2916 deinceps
2477 2855 2696 2917 ponitur.

1677 2927 1794 2975 Son.

1749 3005 1801 3052 5.
1833 3006 1906 3053 Ab
1930 3006 2061 3057 bum.
2081 3006 2246 3055 verbis
2269 3009 2342 3056 ad
2364 3024 2470 3073 sup.
2495 3009 2696 3062 Sehiitz.

1676 3082 1806 3132 delet
1823 3085 2004 3144 verbis,
2018 3097 2074 3132 ut
2090 3086 2494 3150 ineptum-Vertit
2509 3091 2542 3138 J
2543 3091 2622 3138 JV.
2639 3091 2694 3137 L.

1676 3163 1743 3211 les
1779 3166 2090 3227 expressions
2126 3165 2214 3229 qui
2259 3165 2585 3216 eueher-issent
2628 3169 2698 3217 tes

1675 3257 1790 3290 unes
1809 3259 1894 3290 sur
1911 3243 1982 3291 Ies
1999 3256 2166 3292 autres
2185 3264 2202 3302 ,-
2221 3247 2592 3311 exemplumque
2610 3247 2696 3296 dat

1671 3321 1796 3369 illud
1823 3323 2073 3372 Ciceronis
2091 3325 2140 3371 in
2160 3327 2300 3374 Vei-r.
2315 3329 2376 3384 V,
2404 3327 2502 3374 66:
2531 3325 2694 3374 «faci-

1671 3417 1766 3449 nus
1797 3413 1870 3450 est
1893 3402 2083 3451 vincire
2107 3404 2265 3452 civem
2289 3419 2564 3462 rom-uum,
2587 3422 2692 3453 ece·

1669 3481 1745 3528 lus
1769 3483 2046 3542 verberare,
2077 3499 2234 3549 prope
2261 3485 2574 3548 parricidium
2601 3501 2692 3532 ne-

1670 3575 1779 3608 care
1801 3576 1816 3610 :
1839 3561 1962 3625 quid
1987 3561 2146 3609 dicem
2163 3565 2216 3610 in
2239 3579 2432 3612 erucem
2453 3563 2623 3613 toliere
2636 3565 2687 3611 Ρ·

1668 3640 1989 3704 Alterumque
2009 3641 2131 3689 illud
2147 3675 2162 3700 ,
2192 3663 2218 3683 κ
2236 3643 2484 3692 contemni
2519 3659 2570 3690 ne
2595 3659 2692 3708 pn·

1668 3729 1802 3777 tant,
1825 3720 2036 3784 despici,
2059 3720 2205 3769 madi
2221 3741 2270 3770 ιο.

1739 3800 1789 3848 6.
1819 3801 1939 3848 Nae.
1975 3811 2025 3848 ee
2055 3817 2154 3849 non
2182 3801 2317 3866 expl.
2345 3818 2418 3850 or.
2439 3803 2562 3865 Qun
2589 3817 2691 3850 nou

1667 3878 1837 3926 multis
1879 3879 2041 3927 verbis
2071 3882 2227 3930 utitur
2250 3890 2336 3929 aut
2371 3881 2556 3928 artibus
2582 3895 2688 3928 ore-

1667 3959 1804 4007 toriie
1820 3994 1834 4018 ,
1871 3961 1956 4007 sed
1986 3959 2269 4025 simpliciter
2293 3972 2342 4008 et
2362 3960 2572 4007 breviter
2589 3975 2688 4006 rem

1667 4037 1811 4087 dicit.
1840 4041 1968 4087 Eun.

1737 4131 1782 4174 7.
1820 4117 1964 4166 Aetio
2002 4116 2160 4174 vocis,
2201 4119 2366 4166 vulcus
2379 4152 2393 4177 ‚
2437 4129 2489 4166 et
2525 4127 2686 4183 gestes
