2982 4682
770 376 896 447 DE
942 338 1542 463 INV'ENTloNn
1583 380 1849 448 LIBER
1897 382 2005 461 11,
2055 382 2172 474 49.
2401 380 2531 472 49¹

406 492 723 569 tissime⁸
740 512 985 569 sancta
1004 514 1133 569 est.
1163 496 1447 572 Deinde
1476 524 1520 570 u
1531 513 1640 571 tra
1665 499 1781 571 lex
1799 499 2052 594 jubeat
2073 554 2092 579 ,
2117 514 2278 571 utra
2307 514 2539 571 vetet:

410 633 575 679 nam
616 630 803 706 saepe
839 632 963 694 ea,
1003 632 1166 706 quae
1200 623 1435 696 vetat,
1494 610 1700 707 quasi
1754 606 2176 706 exceptione
2225 610 2537 705 quadam

408 720 769 816 corrigere
803 718 1095 790 videtur
1128 719 1362 805 illam,
1411 746 1574 817 quae
1611 718 1845 815 jubet.
1891 720 2172 789 Deinde
2219 734 2380 790 utra
2426 721 2544 791 lex

405 828 497 900 de
527 852 793 925 genere
812 832 1057 915 omni;
1093 843 1255 899 utra
1284 829 1375 901 de
1410 844 1614 928 parte
1641 828 1990 928 quadam3
2025 842 2188 899 utra
2215 852 2540 900 commu-

406 940 597 1008 niter
624 938 699 1006 in
728 937 1007 1034 plures;
1054 954 1217 1011 utra
1262 941 1336 1009 in
1372 941 1688 1035 aliquam
1747 953 2014 1010 certam
2067 962 2218 1009 rem
2279 939 2543 1035 scripta

402 1047 792 1120 videatur:
832 1072 998 1118 nam
1052 1072 1213 1145 quae
1252 1052 1327 1120 in
1387 1064 1668 1147 partem
1719 1049 2069 1146 aliquam,
2123 1061 2198 1118 et
2250 1072 2412 1143 quae
2465 1038 2570 1117 in'

406 1173 671 1229 certam
701 1156 1087 1255 quamdam
1118 1184 1271 1230 rem
1307 1162 1574 1258 scripta
1591 1174 1733 1246 est,
1773 1160 2228 1258 promptius9
2257 1155 2343 1226 ad
2377 1180 2542 1227 cau·

410 1292 560 1337 sam
598 1270 939 1340 accedere
958 1268 1265 1355 videtur,
1296 1284 1370 1341 et
1404 1271 1491 1342 ad
1511 1270 1866 1365 judicium
1893 1270 2120 1364 magis
2147 1269 2535 1365 pertinere.

401 1377 715 1465 Deinde,
736 1404 822 1449 ex
846 1379 1077 1477 legem
1104 1395 1349 1451 utrum
1378 1383 1619 1452 statim
1643 1380 1800 1451 fieri
1816 1402 2106 1450 necesse
2133 1381 2261 1465 sit3
2288 1392 2532 1447 utrum

404 1486 662 1559 habeat
698 1488 1009 1585 aliquam
1056 1514 1334 1562 moram
1390 1506 1463 1563 et
1519 1492 2122 1563 sustentationem
2161 1516 2176 1558 :
2217 1511 2387 1558 nam
2423 1484 2534 1573 id,

400 1596 603 1693 quod
666 1600 901 1669 statim
971 1597 1383 1672 faciendum
1449 1604 1574 1687 sit,
1636 1600 1888 1700 perfici
1946 1601 2150 1698 prius
2218 1610 2533 1696 oportet.

399 1706 683 1778 Deinde
713 1732 1009 1805 operam
1050 1708 1254 1795 dare,
1295 1726 1375 1781 ut
1403 1736 1532 1782 sua
1562 1712 1676 1782 lex
1711 1711 1872 1807 ipso
1906 1711 2176 1807 scripto
2210 1706 2540 1778 videatur

400 1818 563 1899 niti3
625 1821 985 1889 contraria
1040 1834 1279 1891 autem
1340 1835 1464 1891 aut
1523 1844 1656 1917 per
1703 1818 2162 1916 ambiguum,
2215 1832 2344 1888 aut
2407 1840 2540 1914 per

396 1928 1060 2015 ratiocinationem,
1104 1945 1231 2000 aut
1294 1954 1425 2027 per
1477 1928 1980 2001 definitionem
2024 1926 2272 1998 induci
2321 1955 2338 1997 ε
2385 1952 2536 2023 quo

396 2041 709 2109 sanctius
744 2053 818 2108 et
853 2037 1132 2111 firmius
1164 2041 1240 2111 id
1271 2038 1606 2111 videatur
1633 2066 1788 2111 esse
1812 2094 1832 2125 ‚
1890 2038 2092 2138 quod
2130 2041 2450 2135 apertius
2471 2049 2528 2083 ¹¹

396 2154 743 2246 scriptum
790 2154 901 2220 sit.
966 2150 1253 2222 Deinde
1314 2175 1459 2222 suae
1518 2152 1694 2249 legis
1755 2151 1844 2222 ad
1907 2152 2254 2248 scriptum
2309 2151 2536 2247 ipsam

1505 2398 1710 2436 vocatus
1758 2386 1968 2436 libenter
2011 2396 2064 2434 et
2106 2384 2328 2433 celeriter
2377 2384 2532 2433 venit.

1585 2483 1662 2518 10.
1691 2465 1896 2524 Deinde,
1925 2483 1991 2514 σε
2013 2467 2122 2532 lege
2149 2475 2306 2512 uenam
2328 2474 2389 2511 st.
2399 2461 2447 2526 fi
2478 2479 2532 2512 n.

394 2387 753 2450 interpretetur,
774 2397 833 2435 ut
848 2386 1073 2435 videatur
1092 2388 1297 2436 verbum
1316 2399 1417 2437 sea·

393 2476 558 2512 maeur
599 2476 711 2530 post
756 2483 913 2530 paena
960 2465 1281 2516 subauditum
1328 2467 1416 2516 hs-

388 2543 569 2592 buisse.

465 2624 516 2671 8.
532 2620 907 2686 Dilige-missione
918 2633 1091 2670 sancta
1109 2634 1195 2671 ese.
1214 2625 1413 2688 Optime

389 2701 519 2752 hane
565 2701 826 2750 lectionem
866 2700 1093 2750 defendit
1136 2703 1413 2754 [ambiana.

390 2780 515 2829 Nam
534 2791 647 2829 snte
674 2797 785 2828 eum
813 2781 1081 2829 edebatur-'2
1115 2805 1141 2826 a
1160 2799 1271 2846 qnae
1302 2783 1416 2832 dili·-

392 2860 666 2920 gentissima
708 2869 756 2906 et
788 2872 958 2924 ¹*taneta
1002 2871 1074 2908 est
1106 2883 1149 2908 ι.
1194 2861 1415 2911 Lambini

319 2942 332 2956 '
392 2939 721 2997 conjecturam
739 2936 899 2985 firmet
919 2940 1177 2990 eod-Voss.
1199 2957 1245 2990 e.
1262 2941 1416 2991 schol.

390 3019 478 3066 Est
496 3028 657 3065 autem
683 3018 762 3064 lex
786 3018 1067 3082 diligentius
1092 3031 1283 3079 sancta,
1302 3035 1417 3084 qun

390 3113 585 3162 poenam
613 3098 784 3145 statuit
804 3097 857 3144 in
873 3115 983 3158 eos,
1009 3101 1094 3163 qui
1112 3117 1214 3148 non
1234 3100 1418 3148 obtem·

390 3175 687 3240 peraverint,
704 3192 851 3239 quam
874 3193 983 3241 quae
1010 3177 1221 3240 nullsm3
1242 3189 1291 3225 et
1307 3194 1417 3241 quae

390 3259 659 3320 graviorem
686 3271 880 3320 poennm
910 3257 1107 3315 statuit,
1135 3257 1416 3320 diligentins

392 3346 466 3383 est
487 3347 651 3382 saneta
667 3370 682 3396 ,
711 3351 857 3399 quam
884 3352 995 3399 quae
1016 3336 1271 3385 leviorem.
1293 3339 1411 3386 Sca.

461 3431 510 3478 9.
534 3415 821 3483 Prompsites.
855 3415 935 3463 sio
966 3417 1071 3463 sine
1096 3415 1325 3463 varietate
1356 3415 1416 3464 li·

390 3495 494 3554 bri,
512 3493 605 3540 nisi
632 3493 769 3557 quod
806 3494 903 3543 Gu.
932 3511 955 3542 1
996 3494 1145 3544 habet
1176 3495 1415 3558 promittis

386 3575 597 3620 vitiose:
632 3573 884 3638 adscripto
931 3591 1100 3639 supra,
1134 3575 1217 3622 alii
1249 3593 1415 3637 prom·

379 3651 525 3716 ptius.
554 3651 757 3714 Eiegans
788 3663 861 3701 est
888 3654 1163 3715 conjectura
1192 3655 1335 3702 Fabri
1363 3666 1413 3704 et

388 3731 607 3777 Lambini
615 3731 830 3794 propius.
846 3733 1219 3796 Eum—Quem
1238 3732 1410 3783 anb.

387 3811 517 3870 conj.
546 3809 665 3856 Lall.
688 3821 736 3857 et
765 3809 881 3860 Sch.
912 3825 1217 3876 receperunt.
1240 3813 1402 3861 Wetz.

385 3899 545 3938 sutem
574 3905 587 3933 =
618 3888 910 3952 promptius,
952 3890 1158 3940 facilius.
1188 3893 1289 3938 Lex
1314 3891 1407 3955 igi-

1503 2565 1545 2597 s.
1577 2561 1737 2596 utrum
1771 2547 1957 2594 babeat
1983 2563 2035 2592 a.
2061 2561 2130 2593 m.
2158 2556 2206 2591 ee
2234 2560 2274 2592 s.
2303 2544 2418 2592 seh.
2447 2543 2530 2590 dat

1503 2627 1750 2688 «deinde,
1784 2638 1893 2673 utra
1923 2626 2114 2688 exlege
2143 2625 2306 2671 statim
2331 2624 2366 2670 f.
2399 2639 2452 2670 n.
2485 2637 2528 2669 s.

1504 2717 1612 2755 utre
1633 2707 1812 2756 habe-t
1836 2704 1899 2753 el.
1930 2721 1996 2754 m.
2021 2721 2065 2752 e.
2087 2720 2130 2751 s.
2155 2724 2180 2744 ι-
2203 2704 2286 2752 sio
2303 2735 2320 2760 ‚
2339 2703 2532 2764 inquit,

1503 2783 1712 2832 fidenter
1751 2783 2008 2832 emendavi
2059 2782 2306 2846 vulgatam
2358 2780 2536 2829 lectio-

1505 2880 1634 2911 nem.
1656 2863 1803 2925 Quod
1830 2860 2052 2923 rescripsi
2087 2861 2295 2925 primum
2333 2870 2534 2908 contex-

1509 2953 1564 2990 tu
1614 2940 1855 2989 orationis
1907 2937 2157 2997 firmatur,
2201 2940 2386 3004 quippe
2429 2954 2532 3002 quo

1507 3035 1608 3068 non
1637 3019 1888 3084 quaritur,
1912 3025 2078 3066 utr‘um
2113 3017 2302 3081 aliquid
2331 3033 2392 3066 ex
2427 3018 2533 3082 lege

1505 3095 1617 3157 flat,
1660 3097 1746 3145 sed
1781 3097 2016 3160 qnoniam
2047 3097 2108 3144 de
2132 3097 2322 3146 duabus
2340 3097 2532 3161 legibus

1503 3177 1630 3224 inter
1663 3191 1714 3223 se
1745 3175 2102 3223 contendendis
2129 3177 2305 3240 agitur,
2331 3188 2438 3225 utrs
2470 3191 2530 3224 ex

1503 3255 1610 3318 lege
1627 3255 1793 3319 potins
1811 3253 1996 3318 aliquid
2017 3251 2120 3302 fiat.
2139 3254 2332 3303 Deinde
2345 3255 2534 3303 secedit

1504 3335 1752 3383 Victorini
1785 3335 2153 3400 interpretatio,
2194 3351 2305 3398 quae
2341 3333 2530 3399 perspi-

1503 3429 1594 3462 cue
1622 3413 1814 3478 prodit,
1835 3429 1946 3460 enm
1973 3413 2042 3460 sie
2071 3413 2268 3478 legisse,
2297 3425 2351 3461 ut
2370 3413 2530 3462 edidi-

1502 3509 1630 3542 mus.
1657 3493 1745 3541 Ille
1763 3502 1922 3540 autem
1939 3491 2017 3539 his
2037 3494 2199 3541 utitur
2222 3491 2284 3540 sd
2307 3492 2358 3540 h.
2381 3491 2416 3540 Ι.
2443 3509 2528 3540 ex·

1500 3573 1783 3637 pliesndum
1816 3571 1976 3619 verbis
2001 3585 2017 3619 ε
2040 3593 2060 3615 ι
2077 3572 2267 3620 Deinde
2300 3573 2527 3621 conside·

1499 3654 1706 3701 randum
1733 3669 1795 3700 ex
1834 3669 1928 3716 qus
1963 3652 2069 3715 lege
2099 3651 2260 3700 statim
2300 3650 2405 3699 fleri
2435 3653 2528 3701 sli-

1499 3731 1620 3797 quid
1636 3768 1651 3791 ,
1675 3743 1758 3779 sut
1795 3747 1896 3778 non
1925 3729 2030 3778 fieri
2052 3745 2247 3777 necesse
2273 3731 2336 3777 sit
2355 3764 2370 3789 ‚
2392 3743 2440 3779 et
2459 3749 2524 3780 ex

1498 3829 1594 3876 qus
1630 3812 1693 3858 sit
1726 3809 1886 3874 aliqua
1917 3809 2114 3857 tarditas
2135 3829 2176 3855 n.
2212 3807 2326 3856 Scn.

1572 3907 1594 3939 ι
1609 3907 1653 3938 1.
1686 3889 1832 3952 Quod
1853 3889 2072 3954 apertius
2094 3887 2322 3949 scriptum
2344 3887 2422 3936 sit.
2443 3889 2524 3938 sie

388 3979 467 4018 tur
503 3978 729 4033 prompte
763 3968 953 4017 secedit
987 3970 1050 4017 sd
1080 3986 1305 4028 esussm,
1340 3970 1409 4018 fs·
1495 3971 1618 4020 MSS
1655 3985 1826 4016 omnes
1866 3979 1914 4016 et
1957 3967 2090 4032 apud
2123 3965 2443 4032 Oudendorp.
2474 3981 2527 4019 et

387 4047 479 4095 cile
538 4057 716 4094 nostrae
780 4061 937 4095 eausae
990 4049 1406 4108 accommodatur,

386 4137 441 4175 ut
470 4128 618 4176 homo
645 4137 871 4191 prompte
899 4127 963 4175 sd
992 4129 1297 4178 nos'secedit
1320 4129 1409 4194 qui

1498 4049 1672 4097 nostri.
1705 4050 1872 4111 Itaque
1912 4047 2181 4112 recepimus
2217 4062 2312 4110 pro
2352 4047 2525 4100 ‘descri-

1493 4139 1646 4194 ptum.
1667 4129 1797 4179 Eun.
