2982 4682
26 4619 31 4622 ,
21 4417 29 4595 ——-—‹—
21 4188 27 4411 —--—-————
21 4002 25 4181 —-—
19 3912 21 3915 v

422 383 561 454 318
1112 383 1208 448 M.
1262 385 1339 450 T.
1391 382 1880 451 CICERONIS

424 505 513 578 ad
552 502 881 577 eamdem
916 527 1069 576 rem
1091 513 1147 592 ²,
1178 527 1322 600 qua
1362 503 1453 573 de
1493 527 1570 572 re
1601 501 2032 591 narrabitur,
2065 501 2284 574 fuisse
2318 517 2562 576 osten-

427 617 672 701 detur3
719 617 775 684 si
816 639 931 685 res
970 629 1041 685 et
1075 613 1165 684 ad
1200 639 1449 684 eorum
1472 668 1491 701 ,
1521 614 1649 711 qui
1683 629 1894 712 agent
1916 668 1936 700 ,
1971 627 2334 702 naturam,
2373 631 2445 686 et
2473 614 2564 686 ad

426 728 621 824 vulgi
652 749 931 797 morem
956 722 1011 812 ³,
1050 740 1122 795 et
1149 723 1239 796 ad
1277 749 1528 795 eorum
1551 779 1568 810 ‚
1599 726 1724 822 qui
1753 723 2045 795 audient
2061 727 2114 812 4,
2141 728 2564 824 opinionem

430 833 1119 908 accommodabitur.
1176 839 1277 906 Ac
1318 837 1467 905 veri
1512 834 1809 931 quidem
1851 833 2100 904 similis
2147 859 2234 906 ex
2288 835 2399 906 his
2453 861 2566 904 ra-

425 945 753 1017 tionibus
795 970 947 1016 esse
992 945 1278 1042 poterit.

523 1057 726 1152 (xxi.)
768 1052 959 1126 Illud
1008 1070 1246 1126 autem
1289 1069 1635 1152 praeterea
1669 1053 2122 1127 considerare
2159 1051 2568 1152 oportebit,

427 1194 521 1240 ne
554 1181 713 1251 aut,
755 1189 987 1262 quum
1033 1164 1223 1236 obsit
1260 1168 1620 1250 narrati0‚
1666 1181 1793 1236 aut
1830 1189 2058 1263 quum
2099 1165 2278 1235 nihil
2307 1166 2568 1264 prosit,

432 1295 671 1350 tamen
711 1271 1305 1373 interponatur53
1346 1291 1470 1346 aut
1507 1300 1658 1346 non
1695 1274 1894 1364 loc0,
1935 1291 2060 1346 aut
2095 1301 2277 1359 non,
2314 1298 2570 1372 quem-

429 1387 823 1460 admodum
856 1410 1068 1457 causa
1104 1385 1419 1482 postulat
1442 1441 1460 1472 ,
1489 1399 1846 1456 narretur.
1877 1385 2106 1458 Obest
2133 1401 2322 1472 tum,
2341 1407 2572 1483 quum

432 1499 659 1596 ipsius
717 1497 820 1566 rei
864 1507 1075 1590 gestae
1121 1497 1481 1591 expositio
1535 1520 1868 1593 magnam
1921 1499 2190 1595 excipit
2233 1494 2574 1567 offensio-

437 1632 605 1678 nem
624 1602 678 1694 ⁶,
712 1630 933 1703 quam
972 1605 1576 1700 argumentandO,
1615 1623 1686 1678 et
1731 1631 2014 1678 causam
2052 1607 2332 1706 agendo
2366 1607 2576 1677 leniri

440 1715 837 1816 oportebit.
870 1714 1085 1805 Quod
1128 1740 1362 1812 quum
1395 1715 1770 1800 acciderit,
1801 1715 2254 1788 membratim
2289 1729 2577 1813 oporte·

438 1827 551 1900 hit
580 1842 818 1927 partes
846 1827 949 1896 rei
979 1838 1190 1921 gestae
1219 1824 1632 1924 dispergere
1658 1832 1733 1898 in
1767 1852 2051 1900 causam
2070 1882 2089 1915 ‚
2115 1843 2187 1898 et
2209 1826 2298 1898 ad
2331 1848 2576 1898 unam-

438 1961 811 2036 quamque
856 1934 1228 2007 confestim
1270 1939 1626 2008 rationem
1671 1937 2245 2023 accommodare,
2295 1950 2377 2007 ut
2422 1933 2578 2003 vul·

439 2051 599 2120 neri
644 2061 907 2146 proesto
956 2037 1562 2122 medicamentum
1609 2049 1729 2135 sit,
1771 2063 1844 2120 et
1886 2047 2138 2120 odium
2180 2050 2418 2118 statim
2461 2044 2580 2115 de-

384 2211 400 2218 -
438 2156 671 2230 fensio
712 2157 1011 2253 mitiget.
1051 2155 1244 2229 Nihil
1290 2157 1590 2255 prodest
1627 2163 1940 2230 narratio
1973 2173 2424 2256 tunc,quum
2459 2169 2584 2226 aut

442 2267 533 2340 ab
596 2267 1017 2340 adversariis
1042 2276 1067 2320 '7
1124 2291 1203 2336 re
1260 2269 1626 2365 exposita,
1690 2285 1934 2340 nostra
1999 2267 2177 2338 nihil
2242 2271 2580 2351 interest,

442 2385 705 2452 iterum
735 2394 860 2449 aut
895 2378 1034 2448 alio
1070 2375 1339 2449 modo⁸
1379 2402 1710 2469 narrare3
1751 2396 1875 2451 aut
1907 2404 2136 2476 quum
2179 2377 2270 2450 ab
2306 2381 2427 2463 iis,
2455 2380 2586 2477 qui

449 2564 643 2614 quaque
672 2560 876 2611 persona
920 2544 1150 2608 dignum,
1188 2544 1325 2608 quod
1361 2546 1473 2593 cuin
1563 2548 1654 2612 qm'
1676 2557 1853 2611 agent,
1879 2546 1966 2611 qui
1986 2546 2207 2594 audient.
2229 2546 2279 2593 Si
2301 2546 2410 2607 quis
2429 2554 2586 2591 tamen

448 2639 607 2677 cetera
626 2626 733 2687 eius
754 2625 853 2673 vita
882 2624 1157 2672 conteniat.
1563 2626 1700 2673 malit
1727 2625 1968 2688 audiunt,
1997 2626 2124 2674 idem
2149 2625 2296 2671 facist
2323 2634 2512 2687 agunt,
2531 2634 2588 2672 ut

524 2722 572 2757 a.
611 2705 697 2753 Ad
714 2702 938 2751 eamdem
979 2718 1095 2751 rem.
1126 2699 1321 2751 Schfitz.
1364 2717 1476 2750 cum
1568 2703 1703 2752 dedit
1725 2704 1902 2754 Aldus.
1932 2708 2064 2753 Ean.
2083 2730 2150 2741 -
2175 2701 2360 2751 Aldum
2393 2703 2586 2751 Laiiem.

451 2786 620 2835 Lamb.
643 2784 717 2832 ad
731 2799 841 2831 eam
864 2799 985 2829 rem.

522 2868 574 2914 3.
606 2864 692 2911 Ad
709 2860 858 2927 vulgi
878 2877 1078 2909 morem.
1108 2860 1189 2907 Sic
1214 2860 1477 2909 Lambiitus

452 2946 607 2997 edidit
630 2959 725 3009 pro
758 2958 1001 2991 rumorem
1016 2942 1105 2990 :in
1140 2941 1233 2989 Ms
1276 2942 1375 2989 Erf.
1402 2956 1479 2989 re-

450 3039 645 3092 pertum
663 3026 847 3089 recepit
869 3024 1117 3081 Graevius,
1140 3024 1479 3085 consentitque

454 3106 765 3162 Victorinus,
798 3114 849 3151 et
885 3104 975 3150 Ms
1014 3102 1111 3149 Gu.
1139 3118 1168 3149 2
1200 3118 1369 3149 manus
1405 3116 1481 3149 se·

456 3184 615 3233 cunda
638 3198 784 3247 supra
820 3180 1079 3245 adscripsit
1102 3196 1179 3227 ru.
1220 3182 1281 3227 Et
1305 3196 1481 3243 sequu-

459 3275 537 3312 tus
562 3278 669 3320 siun
690 3276 801 3309 cum
820 3258 979 3323 aliqua
998 3257 1300 3306 haesitatione
1317 3295 1332 3318 ,
1348 3257 1485 3321 quod

462 3342 605 3390 etiam
638 3338 830 3402 vulgata
860 3353 1055 3385 sensum
1071 3336 1385 3385 commodum
1406 3337 1487 3384 ba-

464 3420 549 3470 bet
564 3456 579 3479 ,
596 3417 863 3483 presertim
893 3432 1047 3480 qnam
1081 3415 1143 3463 de
1167 3416 1306 3464 sactis
1326 3430 1488 3463 sermo

462 3502 551 3560 sit,
594 3508 643 3547 et
686 3496 746 3544 de
796 3496 945 3560 vulgo
973 3532 989 3557 ,
1019 3496 1156 3556 cujus
1182 3493 1489 3542 sermonibus

462 3580 636 3643 utique
657 3592 707 3623 se
731 3574 1165 3622 accommodabant
1188 3575 1239 3619 in
1276 3573 1487 3621 dicendo

466 3672 705 3709 oratores:
720 3656 803 3704 sed
816 3654 1013 3703 sustulit
1025 3653 1309 3717 scrupulum
1323 3686 1337 3709 ,
1351 3651 1489 3715 quod

468 3738 683 3803 magistri
727 3736 844 3783 artis
890 3735 941 3781 in
995 3730 1343 3797 probabilitate
1384 3731 1489 3778 haec

467 3820 771 3879 conjungunt
784 3846 801 3872 ,
830 3822 1084 3867 naturam,
1116 3826 1297 3857 monm
1316 3820 1367 3857 et
1388 3810 1489 3873 opi-

469 3896 689 3953 nionem,
708 3903 765 3942 ut
790 3890 853 3939 ad
874 3894 1092 3940 Herenn.
1112 3892 1165 3947 1,
1192 3904 1245 3951 9.
1270 3890 1398 3937 Ean.
1420 3914 1487 3925 --

467 3978 627 4039 Quem
648 3969 848 4022 Schiitz.
878 3978 1111 4033 sequutus
1133 3977 1223 4015 eat.

541 4062 592 4109 4.
630 4050 859 4100 Audierat.
878 4049 961 4095 Sic
980 4046 1115 4095 edidi
1132 4064 1159 4094 e
1183 4047 1309 4095 MSS
1328 4046 1425 4095 Gn.
1441 4058 1491 4094 et

470 4134 586 4183 edd.
608 4136 765 4196 pr.·ut
780 4128 952 4177 similis
969 4128 1136 4175 saltem
1156 4139 1279 4178 esset
1298 4128 1485 4176 oratio:

1568 2794 1803 2846 sequutus
1830 2796 1918 2833 est.

1642 2862 1688 2911 5.
1741 2864 1920 2911 Tamen
1961 2862 2311 2925 interponatur.
2352 2864 2423 2909 Ita
2467 2858 2589 2907 MSS

1569 2940 1731 2991 Gron.
1759 2944 1856 2990 Gu.
1875 2943 2010 2991 cm.
2037 2939 2360 3005 probantibus
2392 2938 2590 2987 Gavio

1569 3030 1619 3066 et
1662 3020 1902 3068 Ernestio.
1943 3020 2104 3084 Vulgo
2147 3032 2266 3067 nanc
2309 3018 2592 3081 interpona-

1569 3108 1663 3146 tur.
1691 3100 1808 3147 Son.

1642 3178 1694 3225 6.
1722 3180 1929 3244 ,Excipit
1951 3178 2293 3245 offensionem.
2317 3174 2592 3241 Purgoldus

1573 3258 1929 3307 emendandum
1955 3269 2116 3306 censet
2143 3256 2328 3307 excitae
2359 3252 2596 3320 ofsensio-

1576 3350 1702 3385 nem.
1717 3336 1812 3384 Sed
1833 3348 1990 3385 tamen
2011 3338 2186 3385 dicitur
2202 3358 2229 3378 u
2241 3335 2419 3383 habere
2437 3334 2598 3382 offen-

1577 3416 1790 3477 sionem,
1837 3418 2058 3481 accipere
2107 3414 2512 3465 ofsensittnculam
2536 3428 2596 3469 ις

1577 3495 1753 3559 quidni
1789 3496 1940 3560 igitur
1969 3496 2192 3560 excipere
2235 3494 2438 3543 dicatur.
2473 3494 2594 3541 Seu.

1578 3602 1646 3611 —
1667 3577 1750 3623 Est
1776 3576 1918 3622 etiam
1942 3590 2086 3639 supra
2125 3592 2171 3624 c.
2219 3590 2297 3635 17,
2316 3570 2599 3621 contrahere

1579 3651 1921 3717 fiensionem.

1657 3750 1702 3793 7.
1735 3736 1834 3780 Aut
1855 3733 1921 3780 ab
1943 3730 2247 3782 adversariis.
2273 3728 2598 3778 Aueaddidie

1581 3811 1705 3860 MSS
1725 3810 1832 3858 aliis
1856 3812 1951 3859 Gn..
1987 3826 2034 3871 ι,
2061 3812 2194 3860 Cass.
2211 3820 2260 3859 et
2284 3809 2400 3859 edd.
2429 3826 2506 3874 pr.
2525 3824 2600 3855 us-

1581 3906 1676 3955 que
1693 3889 1755 3937 ad
1783 3889 1995 3937 Aldnm:
2024 3892 2361 3955 cousentitque
2379 3887 2598 3937 formula

1581 3970 1632 4017 in
1655 3968 1732 4016 his
1757 3968 2108 4018 Ciceronianae.
2134 3972 2264 4018 Eun.

1653 4049 1706 4097 8.
1733 4050 1914 4095 Iterum
1950 4060 2042 4095 aue
2080 4047 2182 4095 alio
2221 4047 2385 4095 modo.
2421 4048 2601 4094 [comm

1581 4127 1750 4177 eodem
1773 4126 1919 4176 modo
1943 4126 2057 4176 cod.
2083 4128 2182 4177 Erf.
2207 4130 2322 4177 Son.
