2982 4682
486 405 627 486 420
1166 401 1262 469 M.
1314 405 1395 470 T.
1442 399 1933 472 CICERONIS

484 547 687 614 mur,
754 513 1069 594 breviter
1123 522 1786 595 demonstrabimus
1811 534 1838 580 ⁷
1858 576 1877 612 ,
1946 519 2126 619 quid
2191 545 2484 620 quaque
2545 529 2626 596 in

484 649 690 734 parte
726 633 1163 706 considerari
1202 649 1562 734 oporteat.
1605 639 1694 706 In
1733 633 1899 704 loco
1933 632 2154 728 igitur
2187 640 2624 731 opportuni·

489 761 627 832 τηε,
666 745 743 814 in
774 757 1105 843 tempore
1147 744 1642 842 longinquitas
1665 799 1685 834 ‚
1739 746 1817 815 in
1879 744 2254 814 occasione
2305 744 2625 816 commo·

448 855 665 927 ‘ditas
700 851 792 925 ad
835 852 1249 926 faciendum
1292 855 1560 934 idonea
1583 907 1603 942 ,
1642 855 1716 924 in
1757 851 2094 924 facultate
2131 855 2338 952 copia
2379 868 2454 926 et
2489 879 2622 952 po-

478 979 695 1038 testas
740 987 985 1036 earum
1040 989 1283 1037 rerum
1303 1018 1323 1050 ‚
1373 978 1675 1064 propter
1725 955 1950 1060 quas⁸
2011 961 2287 1060 aliquid
2339 960 2619 1036 facilius

476 1076 563 1148 fit
586 1131 605 1165 ‚
642 1087 767 1146 aut
792 1075 947 1146 sine
984 1073 1253 1172 quibus
1298 1075 1602 1146 omnino
1637 1071 1904 1145 confici
1941 1095 2094 1144 non
2125 1085 2399 1170 potest,
2441 1096 2616 1144 con·

422 1220 429 1228 ·
477 1183 860 1258 sidet-anda
892 1199 1022 1256 est.

573 1293 855 1368 Deinde
884 1292 1275 1366 videndum
1311 1309 1421 1366 est
1442 1348 1461 1384 ‚
1504 1292 1685 1390 quid
1713 1293 2139 1389 adjunctum
2169 1293 2260 1364 sit
2287 1295 2616 1391 negotio,

476 1407 621 1478 hoc
658 1420 805 1490 est,
858 1403 1033 1501 quid
1088 1406 1359 1500 majus,
1415 1401 1594 1502 quid
1639 1405 1921 1490 minus,
1962 1403 2142 1500 quid
2197 1427 2402 1501 aeque
2455 1427 2613 1476 ma-

474 1539 701 1616 gnum
746 1517 873 1599 sit,
922 1513 1103 1611 quid
1158 1514 1387 1585 simile
1435 1541 1451 1584 :
1509 1537 1600 1586 ex
1644 1514 1914 1611 quibus
1961 1513 2374 1608 conjectura
2412 1539 2614 1610 quae-

480 1627 646 1698 dam
666 1624 985 1712 ducitur,
1001 1627 1058 1696 si
1076 1678 1096 1714 ‚
1125 1623 1742 1722 quemadmodum
1773 1649 1888 1696 res
1915 1625 2245 1720 majoreS,
2267 1625 2609 1712 minora,

474 1759 679 1832 aeque
714 1759 987 1832 magnae
1041 1735 1454 1833 similesque
1505 1737 1619 1834 agi
1653 1734 1969 1823 soleant,
2019 1733 2400 1831 diligenter
2434 1760 2610 1806 con-

468 1842 918 1916 siderabitur.
944 1846 1112 1934 Quo
1146 1845 1219 1914 in
1256 1867 1520 1942 genere
1542 1855 2216 1944 eventus9quoque
2251 1844 2606 1919 videndus

472 1955 642 2044 erit,
669 1954 813 2024 hoc
849 1969 993 2043 est,
1028 1955 1201 2052 quid
1242 1981 1331 2026 ex
1368 1951 1808 2055 unaquaque
1842 1963 2006 2026 re¹⁰
2035 1954 2261 2026 soleat
2277 1960 2602 2047 evenire,

470 2089 910 2164 magnopere
958 2064 1570 2137 considerandum
1611 2077 1837 2153 est¹¹;
1869 2081 1955 2136 ut
1989 2079 2226 2136 metus
2251 2119 2272 2153 ,
2325 2064 2603 2158 laetitia,

472 2173 832 2246 titubatio,

560 2289 831 2379 Quarta
866 2299 1105 2357 autem
1140 2309 1305 2385 pars
1338 2300 1495 2358 erat
1533 2310 1623 2358 ex
1663 2287 1748 2358 iis
1769 2339 1788 2375 ‚
1835 2309 2014 2384 quas
2047 2285 2356 2383 negotiis
2401 2285 2600 2359 dice-

460 2396 719 2469 bamus
761 2421 915 2468 esse
962 2393 1379 2486 attributaS‚
1414 2398 1862 2469 consecutio.
1900 2400 1986 2467 In
2039 2421 2122 2467 ea
2171 2413 2600 2495 quaeruntur

461 2530 544 2579 ea
563 2562 582 2595 ‚
603 2532 765 2605 quae
796 2521 1077 2605 gestum
1105 2510 1474 2604 negotium
1508 2506 1886 2581 confestim
1903 2562 1922 2595 ‚
1952 2521 2075 2579 aut
2103 2531 2190 2578 ex
2217 2508 2596 2581 intervallo

461 2633 1035 2716 consequuntur.
1055 2622 1139 2689 In
1160 2644 1307 2716 qua
1330 2618 1738 2691 videbimus
1771 2642 2017 2717 ecquae
2039 2626 2102 2661 ¹²
2134 2618 2592 2691 consuetudo

456 2730 548 2800 sit
567 2783 586 2817 ‚
618 2752 865 2825 ecquae
902 2727 1017 2799 lex
1038 2725 1129 2810 ¹³,
1162 2752 1408 2826 ecquae
1440 2729 1630 2801 actio
1649 2728 1738 2815 ¹4,
1767 2727 2052 2825 ecquod
2093 2728 2248 2824 ejus
2283 2730 2392 2799 rei
2430 2730 2595 2801 arti-

529 2974 577 3019 ·7.
602 2956 814 3007 Breviter
833 2956 1290 3007 demonstrabimus.
1324 2961 1381 3006 lu
1407 2956 1473 3005 li·
1644 2973 1664 3005 x
1681 2972 1723 3005 1.
1755 2959 2062 3021 magnopere
2101 2972 2148 3005 e.
2189 2966 2281 3003 ost.
2325 2956 2448 3003 Haee
2485 2956 2592 3004 siue

450 3034 553 3082 bris
587 3034 781 3083 duobus
819 3047 1059 3101 repertum
1090 3046 1162 3084 est
1204 3036 1469 3103 injecimus.
1569 3034 1722 3085 dubio
1749 3036 1913 3099 spuria
1933 3045 2081 3082 sunt:
2109 3049 2223 3083 nam
2250 3031 2594 3083 definitionem

454 3116 578 3165 sane
595 3114 742 3162 lectio
766 3131 869 3163 uon
892 3116 992 3164 olet
1010 3115 1234 3179 glossam.
1254 3117 1323 3164 At
1340 3116 1473 3163 vide·
1560 3114 1713 3162 modo
1735 3124 1938 3162 eventus
1957 3114 2114 3162 voluit
2136 3112 2270 3162 dere.
2287 3114 2499 3162 Eum.
2515 3140 2592 3151 —

448 3204 531 3242 tur
556 3208 658 3240 esee
694 3192 867 3241 debere
894 3194 1159 3260 injioiemm
1186 3210 1205 3240 .·
1240 3210 1341 3243 non
1367 3212 1469 3259 quo
1559 3192 1710 3254 Cujus
1759 3194 1997 3258 opinione
2039 3191 2274 3241 inductus
2327 3190 2592 3242 Schiitzius

450 3287 555 3320 non
586 3282 637 3320 et
660 3270 784 3318 illud
807 3272 923 3319 ferri
938 3272 1119 3336 possit,
1140 3272 1227 3321 sed
1250 3274 1362 3337 quia
1382 3274 1469 3324 Ci-
1559 3272 1756 3321 delevit.

450 3366 565 3399 cero
588 3351 638 3397 in
668 3349 753 3398 tali
781 3366 833 3397 re
860 3352 1026 3399 futuro
1054 3352 1229 3401 utitur.
1252 3353 1381 3399 Eut.
1398 3378 1469 3391 —-
1632 3368 1713 3403 n.
1749 3354 1935 3417 Ecqua·
1967 3350 2286 3407 consuendo.
2309 3346 2578 3398 Sehiitzius

448 3430 570 3479 Inde
590 3430 705 3478 Seb.
731 3429 869 3478 dedit
893 3430 1174 3497 injiciamus.
1554 3432 1702 3483 habet
1749 3455 1775 3476 ιι
1795 3430 2072 3482 videbimus
2117 3447 2272 3495 ecqua
2316 3441 2588 3479 eonsuetu-

518 3510 568 3557 8.
590 3511 799 3573 Propter
828 3524 971 3573 quas.
1002 3512 1100 3559 Per
1135 3526 1295 3575 quas,
1330 3510 1467 3574 quod
1557 3513 1624 3561 do
1645 3536 1668 3555 a
1689 3530 1702 3564 τ
1727 3514 1848 3562 item
1879 3512 2003 3561 infra
2034 3511 2230 3561 duobus
2263 3510 2392 3559 loci·
2425 3526 2586 3575 eoque

444 3602 519 3639 est
546 3591 601 3637 in
626 3588 917 3653 quibusdam
942 3590 1109 3651 libris,
1136 3590 1334 3655 prefert
1358 3592 1466 3639 Ou-
1553 3608 1646 3657 pro
1679 3608 1862 3657 eoque.

444 3670 685 3733 dendorp.
714 3670 830 3718 Scu.
850 3696 916 3705 —
936 3672 1186 3719 Ernestius
1210 3681 1341 3719 certe
1364 3671 1466 3719 usi-
1629 3672 1712 3720 13.
1741 3672 1928 3736 Bequae
1965 3671 2070 3719 Iex.
2106 3672 2208 3719 Has
2235 3684 2384 3717 voces
2399 3702 2414 3727 ,
2455 3684 2576 3732 quas

442 3749 588 3797 tatia.
615 3732 789 3797 dixit?
1551 3750 1606 3797 fn
1631 3748 1932 3799 editionibus
1959 3750 2250 3798 Gruteriana
2288 3748 2582 3813 posteriori-

514 3842 567 3893 9.
588 3828 813 3874 Eventus.
841 3826 915 3873 De
940 3842 1043 3891 quo
1076 3844 1122 3876 c.
1160 3828 1224 3887 63
1252 3829 1319 3877 cf.
1343 3830 1461 3877 Her.
1549 3826 1642 3876 bue
1675 3828 1800 3876 male
1839 3828 2080 3877 excidisse
2114 3829 2216 3889 iam
2251 3826 2578 3891 Oudendorp.

446 3909 520 3968 11,
540 3914 568 3956 5
586 3922 603 3968 ς
624 3908 754 3969 Top.
785 3918 877 3965 ης
904 3906 1039 3955 Part.
1070 3908 1153 3955 33.
1168 3908 1343 3955 Wm.
1547 3910 1777 3968 monuit,
1821 3906 2135 3957 restituimus.
2185 3908 2303 3957 Seu.
2347 3932 2418 3943 -
2446 3903 2577 3954 Vide

514 3998 591 4032 ιο.
624 3983 759 4047 Quid
785 4000 853 4033 ea·
888 4000 1187 4049 unaquoque
1216 4002 1291 4035 re.
1328 3986 1457 4035 MSS
1547 3986 1675 4035 infra
1701 3997 1810 4035 not.
1837 3994 1918 4042 ¹4·

434 4062 631 4124 quidam
654 4084 679 4103 -
697 4061 821 4126 quid
855 4079 915 4112 ex
954 4080 1051 4127 qua
1074 4080 1189 4112 re».
1218 4064 1369 4115 Voss.
1403 4082 1458 4127 2,
1625 4074 1708 4124 ¹4·
1734 4066 1919 4129 Ecqua
1943 4063 2090 4113 aetio.
2111 4064 2208 4113 nie
2231 4063 2284 4111 in
2303 4063 2432 4113 MSS
2449 4062 2569 4127 plu-

433 4138 570 4189 θυι.
602 4162 625 4185 ι
642 4156 704 4187 ex
740 4155 937 4205 quaque
960 4158 1015 4190 re
1034 4164 1078 4193 ι.
1102 4144 1228 4194 Etu-
1547 4144 1700 4207 ribus,
1719 4145 1862 4193 etiam
1883 4142 2016 4209 apud
2027 4142 2356 4204 Victorinum,
2371 4140 2572 4191 additur
