2982 4682
409 397 420 426 ,
477 337 607 408 ,60
1148 335 1243 404 Μ.
1296 339 1374 405 Τ.
1427 337 1913 406 memmius

459 459 701 532 aliud‘·
739 483 872 530 nos
907 456 1214 529 verbum
1245 458 1652 528 meminisse
1692 453 2110 554 oportebit?
2152 455 2435 528 Deinde
2468 481 2600 530 cur

462 571 798 640 volumus
827 566 916 638 ab
943 565 1293 638 industria
1313 589 1753 663 quemquam
1778 589 2168 652 removere,
2190 581 2276 637 ut
2304 592 2396 638 ne
2418 569 2601 665 quid

459 686 618 778 ipse
651 691 951 774 quaerat,
988 702 1217 773 quum
1261 701 1397 747 nos
1420 673 1564 746 illi⁵
1608 677 1845 747 omnia
1876 689 2121 772 parata
2156 679 2600 775 quaesitaque

463 789 875 862 tradamus?
899 793 1248 860 Praeterea
1284 785 1757 858 similitudine
1784 786 1919 856 alia
1949 785 2128 860 alius
2156 789 2383 885 magis
2404 813 2595 860 com·

467 914 817 972 movetur.
845 901 1026 970 Nam
1061 913 1140 969 ut
1180 923 1393 993 saepe,
1421 896 1730 971 formam
1762 900 1823 967 si
1860 919 2081 993 quam
2120 897 2425 969 similem
2462 902 2603 982 cui·

465 1013 655 1106 piam
683 1007 1076 1080 dixerimus
1104 1032 1258 1079 esse
1277 1061 1296 1092 ‚
1327 1031 1476 1076 non
1502 1030 1759 1078 omnes
1784 1003 2137 1076 habemus
2155 1030 2601 1092 assensoreS‚

466 1118 668 1218 quod
721 1119 837 1189 alii
888 1115 1175 1188 videtur
1233 1114 1474 1188 aliud:
1518 1117 1617 1186 ita
1654 1110 1787 1186 fit⁶
1830 1115 1903 1222 in
1956 1114 2430 1212 imaginibus,
2480 1132 2599 1201 ut,

468 1256 628 1329 quae
656 1227 871 1300 nobis
887 1227 1268 1325 diiigenter
1295 1241 1557 1298 notatae
1582 1227 1722 1296 sint
1739 1233 1791 1312 7,
1818 1250 1918 1296 eae
1943 1249 2195 1320 parum
2224 1225 2605 1297 videantur

384 1406 393 1414 ,
464 1341 783 1436 insignes
815 1337 990 1407 aliis.
1028 1338 1271 1426 Quare
1303 1334 1438 1406 sibi
1466 1359 1835 1433 quemque
1860 1359 1994 1406 suo
2022 1334 2410 1406 commodo
2436 1360 2605 1406 con-

465 1451 664 1520 venit
707 1448 1054 1544 imagines
1099 1470 1542 1542 comparare.
1589 1448 1964 1516 Postremo
2004 1447 2465 1545 praeceptoris
2498 1461 2609 1518 est

469 1557 770 1646 docere,
799 1553 1418 1653 quemadmodum
1456 1557 1683 1652 quaeri
1722 1553 2048 1652 quidque
2088 1558 2504 1644 conveniat,
2530 1569 2607 1626 et

471 1693 702 1740 unum
754 1665 1048 1763 aliquod
1074 1720 1094 1753 ‚
1149 1680 1275 1736 aut
1318 1665 1619 1738 alterum
1641 1720 1660 1754 ‚
1719 1690 1867 1735 non
1912 1667 2186 1752 omnia,
2241 1691 2401 1764 quae
2454 1667 2607 1760 ejus

467 1781 749 1875 generis
777 1790 991 1846 erunt
1010 1829 1030 1860 ‚
1068 1775 1380 1872 exempli
1403 1800 1615 1848 causa
1653 1772 2006 1869 subjicere
2032 1829 2052 1858 ‚
2074 1800 2225 1872 quo
2244 1800 2359 1846 res
2386 1777 2607 1870 possit

470 1912 622 1960 esse
652 1886 1056 1959 dilucidior.
1093 1889 1194 1958 Ut
1232 1910 1463 1982 quum
1506 1884 1596 1957 de
1638 1887 2008 1983 prooemiis
2044 1887 2453 1983 quaerendis
2480 1886 2609 1958 dis-

474 2010 812 2093 putamus
831 2050 850 2083 ,
878 1997 1234 2068 rationem
1266 1996 1520 2067 damus
1545 1995 1941 2094 quaerendi,
1964 2020 2113 2066 non
2138 1995 2335 2067 mille
2360 2021 2605 2094 prooe-

467 2108 781 2176 miorum
851 2130 1120 2203 genera
1183 2099 1753 2176 conscribimus⁸
1793 2132 1811 2174 ι
1852 2107 1951 2176 ita
2010 2104 2448 2177 arbitramur
2514 2105 2607 2178 de

470 2215 906 2313 imaginibus
943 2215 1104 2287 fieri
1149 2217 1565 2287 convenire.

565 2331 820 2399 XXIV.
852 2325 1108 2422 (xxm.)
1142 2329 1388 2415 Nunc,
1419 2352 1509 2397 ne
1536 2323 1721 2397 forte
1748 2323 2137 2397 verborum
2156 2329 2607 2409 memoriam,

471 2452 596 2509 aut
632 2439 844 2527 nimis
878 2434 1243 2507 difficilem
1265 2491 1284 2523 ‚
1323 2450 1449 2507 aut
1490 2459 1748 2533 parum
1780 2435 2029 2507 utilem
2070 2435 2421 2509 arbitrere
2444 2449 2495 2525 ¹,
2536 2454 2611 2507 et

471 2550 790 2646 ipsarum
835 2550 1180 2617 memoria
1221 2570 1466 2616 rerum
1509 2560 1897 2618 contentus
1944 2547 2072 2632 siS‚
2118 2545 2315 2642 quod
2353 2561 2424 2617 et
2466 2550 2607 2618 uti-

425 2660 434 2669 ’
473 2654 691 2728 liores
738 2657 923 2743 sint,
974 2672 1046 2726 et
1080 2655 1245 2753 plus
1285 2654 1603 2727 habeant
1644 2652 2083 2737 facilitatis&
2108 2653 2610 2727 admonendus

543 2893 592 2951 4.
621 2890 769 2939 Modo
794 2888 937 2938 aliud
947 2924 964 2949 ‚
985 2888 1131 2939 modo
1151 2889 1307 2939 aliud.
1329 2890 1495 2938 Multo

473 2954 636 3019 malinii
655 3006 670 3031 ,
695 2971 736 3017 ei
755 2968 944 3018 adesset
957 3004 974 3029 ,
991 2968 1164 3017 «uliud
1185 2967 1339 3018 niodo
1352 3002 1368 3027 ‚
1389 2984 1498 3017 mo-

471 3050 538 3099 do
564 3048 766 3106 aliud-3
792 3048 877 3097 sed
914 3064 1066 3113 quum
1099 3063 1200 3097 nou
1227 3049 1499 3108 inveniam,

471 3128 601 3177 mlo
623 3144 736 3176 cum
755 3127 871 3177 edd.
905 3130 1037 3187 1476
1059 3139 1108 3177 et
1132 3129 1263 3190 1498
1278 3164 1293 3189 ,
1318 3128 1498 3177 «modo

475 3222 625 3255 unum
645 3240 660 3261 ,
687 3204 840 3253 modo
871 3203 1006 3253 aliud
1023 3227 1065 3253 »-

545 3287 594 3333 5.
629 3288 790 3348 Quum
805 3298 897 3330 nos
920 3282 1007 3332 im.
1025 3284 1132 3330 Nos
1154 3282 1342 3331 addunt
1353 3284 1503 3345 MSS,

474 3365 554 3415 ed.
581 3366 742 3424 1474„
763 3372 813 3410 et
828 3362 935 3409 alia
959 3372 1075 3410 vett.
1098 3362 1315 3411 Ειιῐυτ.

539 3444 591 3493 6.
616 3445 695 3490 lea
709 3441 790 3511 fic.
813 3442 938 3489 Item
951 3439 1022 3507 fit
1044 3440 1158 3489 edd.
1195 3442 1327 3500 1476
1346 3476 1363 3503 ,
1399 3442 1503 3490 Me-

473 3522 593 3573 diol.
629 3518 791 3584 1498,
813 3531 864 3569 et
901 3520 1092 3579 malim,
1118 3521 1208 3567 etsi
1250 3537 1396 3585 supra
1422 3532 1496 3569 ent

474 3613 527 3650 ιιι
555 3618 708 3666 soepe,
735 3602 816 3649 cui
849 3599 1141 3663 respondere
1167 3598 1237 3647 ita
1269 3599 1496 3659 videtui-3

473 3682 560 3730 aed
579 3692 630 3729 et
655 3680 779 3728 infra
799 3690 872 3726 est
895 3690 950 3727 ut
962 3694 1101 3743 quoe,
1119 3678 1198 3726 eui
1225 3679 1495 3727 timendum

473 3771 596 3815 estet
617 3776 679 3809 ne
701 3760 926 3806 incantus
946 3759 1097 3805 lector
1115 3756 1186 3804 e'ea
1207 3759 1423 3807 referret.

547 3857 592 3902 7.
608 3840 728 3901 Qua·
748 3836 885 3885 nobis
900 3836 1162 3901 diligenter
1177 3848 1359 3884 noeatoe
1378 3840 1491 3888 siut.

479 3922 592 3969 Siue
607 3916 760 3965 dubio
779 3915 1034 3980 legendum
1055 3925 1258 3971 notata,
1278 3932 1370 3978 pro
1390 3918 1502 3965 vnl-

475 4016 520 4061 g.
543 4008 692 4046 nocte.
713 3996 836 4044 Nam
859 4016 884 4042 ιι
902 3994 1158 4057 diligenter
1175 4004 1348 4042 notum
1361 4016 1386 4037 .-
1425 3996 1501 4044 ni.

471 4077 544 4126 hil
583 4072 833 4125 commodi
871 4070 1146 4137 significan
1191 4084 1370 4136 potest.
1417 4076 1499 4125 Sic

1582 2904 1695 2953 etp.
1718 2906 1828 2955 unp.
1856 2906 1937 2939 ex.
1956 2906 2033 2939 res
2054 2900 2086 2934 ‘a
2102 2891 2362 2956 diligenter
2388 2902 2567 2941 notata
2585 2913 2610 2933 ι

1584 2980 1866 3017 occurrunt.
1903 2972 2122 3019 Ennnr.
2165 2973 2246 3019 eui
2264 2971 2379 3021 Seh.
2402 2972 2607 3021 menti-

1585 3058 1683 3095 tur.
1701 3048 1888 3095 Notata
1908 3048 2001 3108 sie,
2021 3050 2137 3100 edd.
2166 3052 2303 3112 1⁴76
2325 3062 2377 3099 et
2396 3050 2519 3100 aliae.
2539 3078 2611 3087 —

1586 3128 1708 3175 Item
1741 3127 1862 3185 infru
1882 3142 1896 3177 ε
1918 3146 2009 3177 «ea
2040 3146 2211 3193 parum
2236 3129 2460 3178 videatur
2484 3129 2610 3178 insi-

1593 3206 1754 3270 gnit»,
1775 3222 1866 3271 pro
1885 3230 1910 3249 ιι
1922 3224 1991 3257 eae
2010 3226 2060 3273 p.
2078 3208 2331 3257 videantur
2354 3208 2609 3274 insigne-a.

1662 3284 1713 3335 8.
1739 3286 2103 3336 conscribimus.
2128 3288 2323 3337 Habent
2345 3288 2465 3337 edd.
2487 3300 2611 3337 vett.

1592 3364 1919 3417 describimus.

1660 3446 1849 3493 XXIV.
1884 3462 1931 3495 ι.
1966 3446 2222 3497 Arhia-em.
2240 3448 2338 3495 Pro
2362 3446 2616 3495 arbitreris

1568 3506 1813 3599 'dedimug
1838 3542 1867 3573 e
1892 3526 2018 3574 Mss
2045 3537 2095 3575 et
2128 3527 2246 3576 edd.
2284 3528 2445 3589 1474,
2468 3524 2611 3575 Med.

1584 3604 1760 3667 prime.
1786 3606 2005 3655 Euam.

1657 3700 1709 3730 a.
1736 3684 1882 3745 Quod
1899 3695 1948 3731 ee
1972 3684 2183 3733 utiliores
2203 3684 2321 3746 sim,
2332 3694 2381 3732 ee
2394 3684 2508 3750 plus
2520 3684 2616 3732 lia·

1586 3760 2016 3825 benefac-iliensis.
2039 3763 2153 3811 Sch.
2176 3786 2201 3805 ιι
2215 3762 2353 3827 quod
2370 3774 2420 3812 et
2442 3763 2613 3812 utilior

1586 3841 1648 3889 sit
1662 3876 1679 3901 ,
1702 3850 1749 3888 et
1773 3842 1885 3905 plna
1912 3842 2087 3891 habent
2116 3841 2356 3890 facilitatis
2368 3864 2410 3889 -.
2432 3842 2513 3889 Sic
2532 3858 2615 3890 ne-

1588 3919 1796 3967 cessario
1812 3953 1826 3977 ,
1850 3920 2013 3983 inquit
2032 3954 2049 3979 ,
2078 3920 2432 3969 emendandum
2464 3918 2613 3968 duxi·

1587 4014 1696 4045 mus
1717 3998 1979 4061 vulgatum.
2002 4002 2127 4049 Nam
2146 3999 2227 4049 hic
2248 4016 2349 4049 non
2368 3999 2429 4047 de
2450 4016 2615 4048 rerum

1586 4076 1799 4126 utilitate
1818 4088 1865 4127 et
1884 4079 2114 4129 facilitate
2140 4080 2392 4144 quaritur,
2406 4078 2493 4127 ned
2512 4096 2611 4129 ιιιι·
