2982 4682
765 367 890 436 AD
939 369 1531 456 HERENNIUM,
1583 374 1852 441 LIBER
1902 376 2037 458 ΙΙΙ,
2090 399 2203 444 21.
2415 373 2543 446 155

409 489 678 562 lectum
727 487 884 583 ejus
939 487 1410 562 adstituemus
1423 486 1480 578 ⁶,
1530 490 1779 564 dextra
1838 497 2183 593 poculum
2203 551 2221 586 ‚
2268 500 2550 570 sinistra

412 599 730 688 tabulas,
774 597 1056 670 medico
1103 601 1515 672 testiculos?
1550 605 1893 676 arietinos
1942 621 2333 680 tenentem.
2396 613 2551 682 Hoc

409 709 636 782 modo
663 723 736 782 et
762 711 1050 782 testium
1069 763 1090 798 ,
1119 725 1192 782 et
1228 710 1675 801 hereditatis,
1709 713 1783 786 et
1808 741 2097 788 veneno
2138 724 2373 790 necati
2404 745 2551 792 ωε,-

416 821 716 892 moriam
757 818 1028 890 habere
1067 823 1486 917 poterimus.
1532 829 1713 894 Item
1761 823 2104 924 deinceps
2141 842 2379 899 cetera
2412 831 2547 902 cri·
2636 859 2641 864 ·

413 924 657 1002 mina⁸
684 954 774 1000 ex
805 929 1062 1000 ordine
1092 932 1169 1000 in
1199 931 1376 1001 locis
1411 956 1805 1029 ponemus:
1828 951 1928 1024 et,
1950 939 2553 1035 quotiescumque

413 1065 572 1111 rem
603 1041 1016 1112 meminisse
1051 1040 1406 1126 volemus),
1441 1043 1501 1113 si
1526 1040 1924 1117 formarum
1958 1047 2460 1145 dispositione,
2482 1063 2553 1118 et

415 1151 808 1246 imaginum
853 1149 1172 1247 diligenti
1217 1152 1591 1224 notatione
1630 1169 1945 1242 utemur,
1978 1153 2186 1228 facile
2228 1181 2348 1245 ea,
2391 1181 2553 1253 quae

415 1259 784 1345 volemus,
828 1262 1178 1333 memoria
1215 1285 1775 1359 consequemur.
1870 1317 1876 1324 -

515 1375 706 1442 XXI.
739 1369 950 1467 (xxi.)
979 1374 1222 1462 Quum
1267 1365 1659 1444 verborum
1690 1376 2195 1448 similitudines
2229 1379 2553 1475 imagini-

419 1479 558 1552 bus
601 1482 998 1578 exprimere
1035 1482 1395 1569 volemm,
1421 1483 1595 1580 plus
1631 1487 1901 1582 negotii
1937 1487 2443 1584 suscipiemuS,
2482 1504 2556 1558 et

419 1591 644 1687 magis
697 1592 1067 1688 ingenium
1131 1597 1474 1662 nostrum'
1516 1595 2033 1666 exercebimus.
2094 1596 2175 1666 Id
2225 1621 2360 1668 nos
2414 1597 2556 1666 hoc

421 1699 644 1772 modo
699 1698 928 1772 facere
979 1699 1369 1800 oportebit.
1431 1731 1464 1766 ιι
1493 1706 1645 1772 Jam
1704 1703 2233 1804 domuitionem
2271 1717 2287 1750 ¹
2354 1730 2558 1802 reges

421 1809 682 1881 Atridae
727 1826 1002 1910 parant.
1033 1842 1068 1877 υ
1119 1817 1200 1882 In
1243 1812 1454 1882 loco²
1503 1815 1941 1885 constituere
1980 1830 2271 1912 oportet
2308 1841 2560 1888 manus

423 1919 514 1990 ad
544 1920 794 1990 caelum
821 1921 1192 1992 tollentem
1220 1920 1620 1990 Domitium
1638 1915 1691 2006 3,
1719 1949 1949 2020 quum
1976 1950 2013 1994 a
2044 1923 2361 2022 Regibus
2384 1929 2560 1996 Mar·

423 2028 598 2104 ciis4
646 2029 814 2101 loris
855 2030 1183 2104 caedatur.
1239 2035 1392 2100 Hoc
1427 2031 1603 2116 erit,
1645 2061 1677 2096 α
1701 2033 1850 2127 jam
1884 2032 2409 2105 domuitionem
2451 2063 2557 2107 re·
2604 2041 2613 2052 “

497 2223 550 2270 6.
587 2220 928 2272 Adscicuemus.
965 2223 1156 2270 Primus
1194 2222 1266 2270 sie
1309 2193 1445 2268 dedit

424 2301 604 2352 Aldus.
631 2301 912 2366 Superiores
934 2317 1104 2351 omnes
1117 2337 1134 2360 ‚
1156 2313 1441 2352 statuemus.

427 2382 644 2429 Verbum
675 2381 898 2445 nuspiam
923 2382 1041 2431 alibi
1067 2383 1282 2430 occurrit
1309 2380 1444 2431 mihi.

1534 2221 1659 2270 ditas
1680 2224 1878 2284 tabulis,
1905 2234 2050 2274 testes
2076 2213 2315 2274 testiculis
2344 2229 2560 2276 arietinis

1534 2311 1789 2354 notantur.
1817 2308 2033 2355 Scau-rs.

1612 2382 1659 2431 8.
1701 2384 1873 2432 Cetera
1918 2384 2141 2434 erimina.
2186 2387 2354 2435 Cetera
2392 2387 2559 2433 omnia

426 2463 646 2511 Eum.
664 2488 732 2497 ——
750 2460 966 2508 Obviam
994 2472 1152 2509 tamen
1177 2478 1256 2526 sp.
1289 2461 1445 2509 Plaut.

427 2540 624 2605 captiv.
655 2542 747 2598 IV,
781 2556 810 2587 2
827 2574 842 2599 ,
877 2539 946 2587 66
961 2575 976 2597 ,
1005 2552 1052 2587 et
1078 2551 1358 2587 revocatum
1383 2540 1446 2589 ab

426 2621 640 2685 Apuleio
660 2620 712 2668 in
738 2622 857 2669 Met.
877 2636 910 2684 9
933 2631 982 2669 et
1001 2622 1052 2669 3.
1081 2624 1250 2669 Wrra.

504 2716 552 2761 7.
579 2699 768 2749 Medn‘eo
797 2700 1054 2749 testiculos.
1073 2701 1186 2749 Sch'.
1221 2698 1452 2749 «medico

434 2760 596 2843 &3³26
629 2792 701 2829 ι..
741 2780 1038 2829 Addidtmm
1061 2779 1246 2845 digno,
1273 2776 1452 2843 inquit,

431 2859 578 2923 quod·
597 2868 670 2906 est
706 2860 760 2905 in
792 2859 925 2907 Pith.
962 2870 1011 2907 et
1046 2858 1128 2906 hie
1159 2860 1328 2907 abesse
1354 2872 1457 2905 non

430 2948 595 3002 potest
619 2937 684 2985 ad
711 2937 954 2985 vitandam
979 2937 1358 3001 amphiboliam,
1395 2954 1458 2985 ne

433 3016 496 3065 de
516 3016 702 3065 medion
724 3032 764 3065 s.
787 3014 930 3084 ἰατρῷ
949 3018 1058 3080 quis
1075 3018 1276 3081 cogitet.
1291 3019 1458 3079 Quum

429 3096 620 3144 librarii
645 3095 804 3161 digito
823 3096 1129 3156 omisissent,
1155 3096 1240 3144 alii
1263 3095 1459 3144 inducti

431 3186 580 3235 sunt,
608 3184 664 3221 ut
683 3173 924 3221 medicum
951 3174 1256 3239 seriberent3
1283 3190 1458 3238 nempe

433 3255 549 3319 quie
586 3253 648 3302 ab
675 3255 842 3317 aegroti
869 3256 999 3302 lecto
1025 3254 1268 3301 medicum
1292 3254 1458 3301 abesse

431 3348 540 3381 non
560 3350 704 3398 posse
725 3334 978 3397 putabant.
1001 3336 1066 3383 In
1087 3334 1203 3382 eod.
1234 3334 1364 3382 Pith.
1385 3342 1461 3381 est

433 3413 619 3471 medio,
642 3414 780 3477 quod
807 3414 1044 3477 seriptum
1073 3424 1145 3461 est
1175 3413 1238 3461 ab
1257 3430 1346 3472 eo,
1374 3413 1460 3475 qui

431 3492 678 3543 medicum
707 3494 914 3557 digitum
945 3492 1217 3556 ignorabat.
1240 3490 1462 3541 Medis-us

432 3572 616 3637 digium
635 3588 674 3621 s.
700 3572 1008 3643 mediet'nqlis
1023 3606 1040 3629 ‚
1073 3582 1129 3620 ut
1169 3572 1398 3619 novimus
1434 3587 1462 3617 e

433 3650 696 3700 macrobio
713 3686 728 3711 ‚
750 3655 950 3701 saturn.
973 3654 1098 3709 vn,
1128 3652 1188 3699 18
1209 3684 1224 3709 ‚
1247 3662 1318 3699 est
1341 3650 1463 3698 viei-

433 3747 528 3778 ιω
544 3730 608 3778 ab
623 3730 742 3779 imo.
759 3758 828 3767 —
852 3730 1112 3779 Testis-edos
1127 3728 1375 3778 arietinos.
1397 3732 1462 3777 H.

435 3829 482 3860 e.
509 3822 567 3859 ut
590 3822 724 3859 reete
751 3812 1022 3859 Politiauus
1053 3810 1338 3874 explicavit,
1355 3826 1466 3857 eru·

435 3908 626 3939 menam
655 3908 684 3938 e
711 3890 952 3955 pelliculis
981 3890 1316 3938 testiculorum
1337 3890 1466 3937 arie-

435 3970 674 4020 tinorum.
701 3969 840 4019 Falso
865 3980 1028 4018 autem
1047 3970 1238 4018 Ernesti
1260 3970 1312 4017 in
1331 3969 1466 4017 clave

435 4049 548 4100 Cic.
574 4050 702 4097 hane
729 4049 988 4113 imaginem
1013 4050 1159 4097 refert
1189 4049 1254 4096 ad
1276 4050 1468 4097 heredi·

437 4138 608 4178 tatem.
632 4130 792 4177 Immo
817 4140 1059 4177 venenum
1085 4128 1268 4191 poculo
1289 4164 1304 4191 ,
1333 4127 1468 4175 here·

1535 2460 1649 2511 edd.
1682 2464 1817 2525 1476
1844 2476 1891 2511 et
1918 2464 2041 2512 alise.
2077 2464 2257 2512 Melius
2282 2474 2434 2529 put03
2455 2480 2557 2512 non

1540 2542 1668 2589 enim
1690 2542 1740 2590 in
1768 2558 1864 2604 una
1891 2560 2035 2591 eausa
2061 2543 2213 2591 multa
2242 2530 2401 2591 solent
2424 2547 2561 2605 argui

1537 2622 1773 2680 criminin
1797 2622 1883 2670 sed
1902 2651 1927 2683 ,·
1944 2634 2119 2687 praeter
2156 2624 2338 2670 crimen
2354 2656 2369 2681 ,
2408 2624 2559 2671 multa

1538 2702 1631 2749 alia
1658 2701 1865 2749 dicenda
1892 2714 2181 2765 supersunt,
2219 2702 2431 2765 ideoque
2474 2718 2563 2749 no-

1546 2779 1713 2839 tanda.

1616 2860 1761 2907 XXI.
1790 2872 1837 2907 1.
1864 2858 2237 2907 Domuiu’oeeem.
2259 2860 2408 2907 Multi
2444 2860 2569 2907 MSS

1526 2940 1689 2987 etium
1709 2938 1865 2985 nostri
1880 2936 2015 2985 domi
2026 2936 2255 2985 ultionem
2272 2954 2291 2983 .·
2303 2948 2351 2985 et
2365 2938 2435 2989 sie
2454 2938 2569 2987 edd.

1548 3034 1622 3082 pr.
1646 3032 1843 3075 omnes,
1864 3032 1985 3079 quas
2012 3016 2225 3064 vidimus
2244 3032 2256 3065 :
2278 3016 2427 3081 idque
2444 3017 2571 3065 bene

1546 3097 1777 3145 convenit
1798 3098 1866 3144 rei
1894 3106 1945 3143 et
1970 3094 2199 3158 imagini,
2224 3112 2333 3159 qnae
2354 3096 2573 3161 apponi-

1545 3186 1653 3233 tur,
1682 3186 1735 3223 ut
1760 3186 1927 3223 monet
1954 3167 2261 3224 Gulielmius.
2296 3176 2571 3222 Domeeite'o-

1548 3270 1659 3303 nem
1683 3255 1868 3319 primus
1893 3254 2050 3302 edidit
2076 3254 2325 3302 Victorius
2348 3271 2375 3302 e
2402 3255 2569 3302 Divin.

1546 3336 1572 3381 1
1584 3367 1600 3391 ,
1622 3334 1683 3381 33
1698 3368 1712 3390 ,
1734 3334 1876 3382 bene.
1895 3333 2017 3381 Nem
2034 3332 2296 3397 respicitur
2312 3332 2375 3379 ad
2394 3350 2571 3381 nomen

1548 3411 1771 3475 Βωηίεἰί,
1792 3422 1841 3459 et
1874 3428 1903 3459 e
1933 3410 2091 3459 verbis
2118 3412 2279 3475 imago
2314 3410 2401 3473 fit3
2436 3412 2574 3476 quod

1548 3490 1839 3541 Gulielmius
1856 3506 1959 3537 non
1978 3491 2232 3553 cogitavit.
2254 3492 2473 3539 Euius-r.
2495 3491 2575 3538 cui

1550 3568 1749 3619 Schiitz.
1775 3570 2054 3617 assentitur.

1625 3664 1673 3699 π.
1694 3652 1753 3697 In
1786 3649 1907 3697 loeo.
1940 3648 2059 3705 seh.
2084 3651 2175 3696 «in
2212 3650 2371 3713 primo
2398 3650 2510 3698 loco
2528 3673 2574 3699 ι.

1552 3727 1709 3776 Primo
1736 3727 2043 3783 addidimus,
2074 3728 2261 3791 inquit,
2288 3729 2401 3791 quia
2420 3729 2487 3775 ob
2502 3744 2583 3775 se-

1552 3824 1707 3873 quens
1728 3807 1778 3855 e'n
1810 3809 1967 3856 altero
1990 3809 2265 3855 necessario
2291 3808 2573 3870 requiritur.

1626 3890 1674 3937 3.
1696 3890 1953 3937 Tollentem
1976 3886 2254 3935 Domitium.
2284 3887 2579 3942 Pendentem

1557 3967 1821 4015 Domitium
1839 3966 1951 4014 eod.
1973 3966 2109 4014 Leid.
2134 3966 2180 4013 3.

1628 4054 1677 4102 4.
1703 4045 1963 4093 Domitium
1980 4078 2114 4094 .....
2142 4043 2331 4109 regibus
2362 4046 2579 4093 Marciis.

1560 4128 1663 4173 Hac
1706 4125 1913 4188 imagine
1960 4124 2153 4173 videtur
2178 4124 2411 4171 memoris
2444 4140 2581 4187 quae-
