<?xml version="1.0" encoding="UTF-8"?>
<!DOCTYPE html PUBLIC "-//W3C//DTD XHTML 1.0 Transitional//EN"
    "http://www.w3.org/TR/xhtml1/DTD/xhtml1-transitional.dtd">
<html xmlns="http://www.w3.org/1999/xhtml" xml:lang="en" lang="en">
 <head>
  <title>
</title>
<meta http-equiv="Content-Type" content="text/html;charset=utf-8" />
  <meta name='ocr-system' content='tesseract 3.04.00' />
  <meta name='ocr-capabilities' content='ocr_page ocr_carea ocr_par ocr_line ocrx_word'/>
</head>
<body>
  <div class='ocr_page' id='page_1' title='image "./mtciceronisquae07lemagoog_0246.png"; bbox 0 0 2982 4682; ppageno 0'>
   <div class='ocr_carea' id='block_1_1' title="bbox 425 337 1885 408">
    <p class='ocr_par' dir='ltr' id='par_1_1' title="bbox 425 337 1885 408">
     <span class='ocr_line' id='line_1_1' title="bbox 425 337 1885 408; baseline 0.001 -2"><span class='ocrx_word' id='word_1_1' title='bbox 425 359 566 406; x_wconf 61' lang='grc' dir='ltr'><strong>πο</strong></span> <span class='ocrx_word' id='word_1_2' title='bbox 1104 337 1200 406; x_wconf 90' lang='grc' dir='ltr'><strong>Μ.</strong></span> <span class='ocrx_word' id='word_1_3' title='bbox 1253 339 1330 406; x_wconf 93' lang='grc' dir='ltr'><strong>Τ.</strong></span> <span class='ocrx_word' id='word_1_4' title='bbox 1384 337 1885 408; x_wconf 83' lang='lat' dir='ltr'>CICERONIS</span> 
     </span>
    </p>
   </div>
   <div class='ocr_carea' id='block_1_2' title="bbox 406 455 2559 2548">
    <p class='ocr_par' dir='ltr' id='par_1_2' title="bbox 406 455 2559 2433">
     <span class='ocr_line' id='line_1_2' title="bbox 421 455 2559 554; baseline 0 -26"><span class='ocrx_word' id='word_1_5' title='bbox 421 460 808 554; x_wconf 68' lang='lat' dir='ltr'><strong>praeterire,</strong></span> <span class='ocrx_word' id='word_1_6' title='bbox 832 469 960 528; x_wconf 80' lang='lat' dir='ltr'><strong>aut</strong></span> <span class='ocrx_word' id='word_1_7' title='bbox 989 481 1140 528; x_wconf 88' lang='lat' dir='ltr'><strong>non</strong></span> <span class='ocrx_word' id='word_1_8' title='bbox 1173 461 1390 541; x_wconf 86' lang='lat' dir='ltr'><strong>scire,</strong></span> <span class='ocrx_word' id='word_1_9' title='bbox 1409 472 1535 531; x_wconf 86' lang='lat' dir='ltr'><strong>aut</strong></span> <span class='ocrx_word' id='word_1_10' title='bbox 1562 457 1756 530; x_wconf 88' lang='lat' dir='ltr'><strong>nolle</strong></span> <span class='ocrx_word' id='word_1_11' title='bbox 1784 457 2025 530; x_wconf 81' lang='lat' dir='ltr'><strong>dicere</strong></span> <span class='ocrx_word' id='word_1_12' title='bbox 2042 455 2141 542; x_wconf 85' lang='lat' dir='ltr'><strong>id,</strong></span> <span class='ocrx_word' id='word_1_13' title='bbox 2160 455 2359 553; x_wconf 88' lang='lat' dir='ltr'><strong>quod</strong></span> <span class='ocrx_word' id='word_1_14' title='bbox 2384 472 2559 529; x_wconf 89' lang='lat' dir='ltr'><strong>tunc</strong></span> 
     </span>
     <span class='ocr_line' id='line_1_3' title="bbox 421 565 2559 665; baseline 0 -27"><span class='ocrx_word' id='word_1_15' title='bbox 421 569 730 640; x_wconf 83' lang='lat' dir='ltr'><strong>maxime</strong></span> <span class='ocrx_word' id='word_1_16' title='bbox 761 565 1072 638; x_wconf 83' lang='lat' dir='ltr'>diximus</span> <span class='ocrx_word' id='word_1_17' title='bbox 1096 619 1117 654; x_wconf 86' lang='lat'>‚</span> <span class='ocrx_word' id='word_1_18' title='bbox 1147 566 1288 639; x_wconf 91' lang='lat' dir='ltr'><strong>hoc</strong></span> <span class='ocrx_word' id='word_1_19' title='bbox 1315 569 1578 642; x_wconf 86' lang='lat' dir='ltr'><strong>modo:</strong></span> <span class='ocrx_word' id='word_1_20' title='bbox 1616 599 1651 635; x_wconf 82' lang='grc' dir='ltr'><strong>α</strong></span> <span class='ocrx_word' id='word_1_21' title='bbox 1670 571 1849 640; x_wconf 85' lang='lat' dir='ltr'><strong>Nam</strong></span> <span class='ocrx_word' id='word_1_22' title='bbox 1880 568 1973 638; x_wconf 86' lang='lat' dir='ltr'><strong>de</strong></span> <span class='ocrx_word' id='word_1_23' title='bbox 2010 568 2363 665; x_wconf 80' lang='lat' dir='ltr'><strong>pueritia²</strong></span> <span class='ocrx_word' id='word_1_24' title='bbox 2393 572 2559 664; x_wconf 90' lang='lat' dir='ltr'><strong>qui-</strong></span> 
     </span>
     <span class='ocr_line' id='line_1_4' title="bbox 417 676 2555 779; baseline 0 -29"><span class='ocrx_word' id='word_1_25' title='bbox 417 678 582 752; x_wconf 89' lang='lat' dir='ltr'><strong>dem</strong></span> <span class='ocrx_word' id='word_1_26' title='bbox 617 693 776 766; x_wconf 85' lang='lat' dir='ltr'><strong>tua,</strong></span> <span class='ocrx_word' id='word_1_27' title='bbox 808 703 1027 775; x_wconf 82' lang='lat' dir='ltr'><strong>quam</strong></span> <span class='ocrx_word' id='word_1_28' title='bbox 1061 693 1146 751; x_wconf 86' lang='lat' dir='ltr'><strong>tu</strong></span> <span class='ocrx_word' id='word_1_29' title='bbox 1175 684 1376 752; x_wconf 89' lang='lat' dir='ltr'><strong>omni</strong></span> <span class='ocrx_word' id='word_1_30' title='bbox 1411 676 2026 779; x_wconf 80' lang='lat' dir='ltr'><strong>intemperantiae³</strong></span> <span class='ocrx_word' id='word_1_31' title='bbox 2056 677 2421 764; x_wconf 83' lang='lat' dir='ltr'><strong>addixisti,</strong></span> <span class='ocrx_word' id='word_1_32' title='bbox 2450 678 2555 750; x_wconf 91' lang='lat' dir='ltr'><strong>di-</strong></span> 
     </span>
     <span class='ocr_line' id='line_1_5' title="bbox 417 789 2555 891; baseline 0 -29"><span class='ocrx_word' id='word_1_33' title='bbox 417 813 682 876; x_wconf 80' lang='lat' dir='ltr'><strong>cerem,</strong></span> <span class='ocrx_word' id='word_1_34' title='bbox 729 792 788 860; x_wconf 89' lang='lat' dir='ltr'><strong>si</strong></span> <span class='ocrx_word' id='word_1_35' title='bbox 829 789 974 862; x_wconf 91' lang='lat' dir='ltr'><strong>hoc</strong></span> <span class='ocrx_word' id='word_1_36' title='bbox 1010 805 1298 888; x_wconf 90' lang='lat' dir='ltr'><strong>tempus</strong></span> <span class='ocrx_word' id='word_1_37' title='bbox 1339 790 2057 891; x_wconf 80' lang='lat' dir='ltr'><strong>idoneumputarem</strong></span> <span class='ocrx_word' id='word_1_38' title='bbox 2090 817 2107 862; x_wconf 75' lang='grc' dir='ltr'><strong><em>ε</em></strong></span> <span class='ocrx_word' id='word_1_39' title='bbox 2146 814 2345 862; x_wconf 90' lang='lat' dir='ltr'><strong>nunc</strong></span> <span class='ocrx_word' id='word_1_40' title='bbox 2375 814 2555 863; x_wconf 90' lang='lat' dir='ltr'><strong>con-</strong></span> 
     </span>
     <span class='ocr_line' id='line_1_6' title="bbox 417 899 2551 1000; baseline 0.001 -30"><span class='ocrx_word' id='word_1_41' title='bbox 417 901 608 972; x_wconf 87' lang='lat' dir='ltr'><strong>sulto</strong></span> <span class='ocrx_word' id='word_1_42' title='bbox 639 901 1003 998; x_wconf 84' lang='lat' dir='ltr'><strong>relinquo.</strong></span> <span class='ocrx_word' id='word_1_43' title='bbox 1037 905 1126 974; x_wconf 87' lang='lat' dir='ltr'><strong>Et</strong></span> <span class='ocrx_word' id='word_1_44' title='bbox 1151 901 1331 974; x_wconf 88' lang='lat' dir='ltr'><strong>illud</strong></span> <span class='ocrx_word' id='word_1_45' title='bbox 1362 917 1743 999; x_wconf 83' lang='lat' dir='ltr'><strong>praetere0‚</strong></span> <span class='ocrx_word' id='word_1_46' title='bbox 1782 900 1985 1000; x_wconf 90' lang='lat' dir='ltr'><strong>quod</strong></span> <span class='ocrx_word' id='word_1_47' title='bbox 2024 916 2097 972; x_wconf 90' lang='lat' dir='ltr'><strong>te</strong></span> <span class='ocrx_word' id='word_1_48' title='bbox 2133 899 2411 972; x_wconf 82' lang='lat' dir='ltr'><strong>tribuni</strong></span> <span class='ocrx_word' id='word_1_49' title='bbox 2452 906 2551 972; x_wconf 82' lang='lat' dir='ltr'><strong>rei</strong></span> 
     </span>
     <span class='ocr_line' id='line_1_7' title="bbox 415 1009 2559 1108; baseline -0.001 -26"><span class='ocrx_word' id='word_1_50' title='bbox 415 1012 744 1083; x_wconf 83' lang='lat' dir='ltr'><strong>militaris</strong></span> <span class='ocrx_word' id='word_1_51' title='bbox 779 1009 1316 1108; x_wconf 76' lang='lat' dir='ltr'><strong>infrequentem</strong></span> <span class='ocrx_word' id='word_1_52' title='bbox 1343 1011 1845 1085; x_wconf 74' lang='lat' dir='ltr'><strong>tradiderunt⁴</strong></span> <span class='ocrx_word' id='word_1_53' title='bbox 1877 1039 1893 1082; x_wconf 91' lang='lat'>:</span> <span class='ocrx_word' id='word_1_54' title='bbox 1922 1010 2186 1084; x_wconf 88' lang='lat' dir='ltr'><strong>deinde</strong></span> <span class='ocrx_word' id='word_1_55' title='bbox 2214 1011 2421 1108; x_wconf 89' lang='lat' dir='ltr'><strong>quod</strong></span> <span class='ocrx_word' id='word_1_56' title='bbox 2454 1013 2559 1080; x_wconf 89' lang='lat' dir='ltr'><strong>in-</strong></span> 
     </span>
     <span class='ocr_line' id='line_1_8' title="bbox 409 1121 2553 1220; baseline 0.001 -28"><span class='ocrx_word' id='word_1_57' title='bbox 409 1123 765 1216; x_wconf 84' lang='lat' dir='ltr'><strong>juriarum</strong></span> <span class='ocrx_word' id='word_1_58' title='bbox 793 1121 1190 1196; x_wconf 82' lang='lat' dir='ltr'><strong>satisfecisti</strong></span> <span class='ocrx_word' id='word_1_59' title='bbox 1223 1129 1302 1196; x_wconf 93' lang='lat' dir='ltr'><strong>L.</strong></span> <span class='ocrx_word' id='word_1_60' title='bbox 1323 1123 1859 1212; x_wconf 83' lang='lat' dir='ltr'><strong>Labeoni‚nihil</strong></span> <span class='ocrx_word' id='word_1_61' title='bbox 1890 1123 1979 1194; x_wconf 85' lang='lat' dir='ltr'><strong>ad</strong></span> <span class='ocrx_word' id='word_1_62' title='bbox 2011 1146 2161 1194; x_wconf 88' lang='lat' dir='ltr'><strong>rem</strong></span> <span class='ocrx_word' id='word_1_63' title='bbox 2194 1125 2553 1220; x_wconf 84' lang='lat' dir='ltr'><strong>pertinere</strong></span> 
     </span>
     <span class='ocr_line' id='line_1_9' title="bbox 413 1231 2553 1330; baseline 0.001 -28"><span class='ocrx_word' id='word_1_64' title='bbox 413 1246 614 1327; x_wconf 79' lang='lat' dir='ltr'><strong>puto.</strong></span> <span class='ocrx_word' id='word_1_65' title='bbox 675 1237 956 1302; x_wconf 83' lang='lat' dir='ltr'><strong>Horum</strong></span> <span class='ocrx_word' id='word_1_66' title='bbox 1001 1231 1184 1304; x_wconf 88' lang='lat' dir='ltr'><strong>nihil</strong></span> <span class='ocrx_word' id='word_1_67' title='bbox 1239 1232 1454 1305; x_wconf 83' lang='lat' dir='ltr'><strong>dico:</strong></span> <span class='ocrx_word' id='word_1_68' title='bbox 1491 1248 1817 1306; x_wconf 82' lang='lat' dir='ltr'><strong>revertor</strong></span> <span class='ocrx_word' id='word_1_69' title='bbox 1860 1232 1951 1314; x_wconf 72' lang='lat' dir='ltr'><strong>ad</strong></span> <span class='ocrx_word' id='word_1_70' title='bbox 1988 1232 2167 1304; x_wconf 89' lang='lat' dir='ltr'><strong>illud</strong></span> <span class='ocrx_word' id='word_1_71' title='bbox 2195 1285 2216 1320; x_wconf 91' lang='lat'>‚</span> <span class='ocrx_word' id='word_1_72' title='bbox 2264 1231 2357 1304; x_wconf 92' lang='lat' dir='ltr'><strong>de</strong></span> <span class='ocrx_word' id='word_1_73' title='bbox 2402 1259 2553 1330; x_wconf 92' lang='lat' dir='ltr'><strong>quo</strong></span> 
     </span>
     <span class='ocr_line' id='line_1_10' title="bbox 406 1335 2553 1440; baseline 0.003 -32"><span class='ocrx_word' id='word_1_74' title='bbox 406 1335 760 1434; x_wconf 72' lang='lat' dir='ltr'><strong>judicium</strong></span> <span class='ocrx_word' id='word_1_75' title='bbox 799 1353 910 1412; x_wconf 92' lang='lat' dir='ltr'><strong>est</strong></span> <span class='ocrx_word' id='word_1_76' title='bbox 945 1369 997 1412; x_wconf 69' lang='lat' dir='ltr'><strong>n.</strong></span> <span class='ocrx_word' id='word_1_77' title='bbox 1033 1347 1256 1426; x_wconf 84' lang='lat' dir='ltr'><strong>Item,</strong></span> <span class='ocrx_word' id='word_1_78' title='bbox 1301 1347 1465 1416; x_wconf 88' lang='lat' dir='ltr'><strong>Non</strong></span> <span class='ocrx_word' id='word_1_79' title='bbox 1504 1343 1669 1416; x_wconf 91' lang='lat' dir='ltr'><strong>dico</strong></span> <span class='ocrx_word' id='word_1_80' title='bbox 1712 1356 1783 1416; x_wconf 92' lang='lat' dir='ltr'><strong>te</strong></span> <span class='ocrx_word' id='word_1_81' title='bbox 1828 1342 1923 1414; x_wconf 86' lang='lat' dir='ltr'><strong>ab</strong></span> <span class='ocrx_word' id='word_1_82' title='bbox 1963 1344 2173 1416; x_wconf 91' lang='lat' dir='ltr'><strong>sociis</strong></span> <span class='ocrx_word' id='word_1_83' title='bbox 2211 1347 2553 1440; x_wconf 83' lang='lat' dir='ltr'><strong>pecunias</strong></span> 
     </span>
     <span class='ocr_line' id='line_1_11' title="bbox 411 1450 2551 1552; baseline 0.003 -33"><span class='ocrx_word' id='word_1_84' title='bbox 411 1450 772 1548; x_wconf 83' lang='lat' dir='ltr'><strong>accepisse</strong></span> <span class='ocrx_word' id='word_1_85' title='bbox 803 1477 819 1519; x_wconf 70' lang='grc' dir='ltr'><strong><em>ε</em></strong></span> <span class='ocrx_word' id='word_1_86' title='bbox 849 1474 1002 1522; x_wconf 88' lang='lat' dir='ltr'><strong>non</strong></span> <span class='ocrx_word' id='word_1_87' title='bbox 1035 1475 1200 1522; x_wconf 89' lang='lat' dir='ltr'><strong>sum</strong></span> <span class='ocrx_word' id='word_1_88' title='bbox 1235 1454 1314 1523; x_wconf 91' lang='lat' dir='ltr'><strong>in</strong></span> <span class='ocrx_word' id='word_1_89' title='bbox 1356 1477 1446 1524; x_wconf 88' lang='lat' dir='ltr'><strong>eo</strong></span> <span class='ocrx_word' id='word_1_90' title='bbox 1477 1467 1876 1552; x_wconf 84' lang='lat' dir='ltr'><strong>occupatus</strong></span> <span class='ocrx_word' id='word_1_91' title='bbox 1898 1507 1919 1542; x_wconf 86' lang='lat'>‚</span> <span class='ocrx_word' id='word_1_92' title='bbox 1956 1452 2158 1550; x_wconf 91' lang='lat' dir='ltr'><strong>quod</strong></span> <span class='ocrx_word' id='word_1_93' title='bbox 2196 1453 2551 1540; x_wconf 82' lang='lat' dir='ltr'><strong>civitates,</strong></span> 
     </span>
     <span class='ocr_line' id='line_1_12' title="bbox 407 1564 2551 1666; baseline 0.003 -34"><span class='ocrx_word' id='word_1_94' title='bbox 407 1586 631 1660; x_wconf 84' lang='lat' dir='ltr'><strong>regna</strong></span> <span class='ocrx_word' id='word_1_95' title='bbox 651 1617 670 1648; x_wconf 93' lang='lat'>‚</span> <span class='ocrx_word' id='word_1_96' title='bbox 707 1564 964 1636; x_wconf 91' lang='lat' dir='ltr'><strong>domos</strong></span> <span class='ocrx_word' id='word_1_97' title='bbox 991 1567 1320 1637; x_wconf 88' lang='lat' dir='ltr'><strong>omnium</strong></span> <span class='ocrx_word' id='word_1_98' title='bbox 1348 1566 1819 1666; x_wconf 79' lang='lat' dir='ltr'><strong>depeculatus</strong></span> <span class='ocrx_word' id='word_1_99' title='bbox 1846 1593 1925 1640; x_wconf 90' lang='lat' dir='ltr'><strong>es</strong></span> <span class='ocrx_word' id='word_1_100' title='bbox 1958 1597 1974 1640; x_wconf 75' lang='grc' dir='ltr'><strong><em>ε</em></strong></span> <span class='ocrx_word' id='word_1_101' title='bbox 2008 1565 2235 1656; x_wconf 85' lang='lat' dir='ltr'><strong>furta,</strong></span> <span class='ocrx_word' id='word_1_102' title='bbox 2265 1571 2551 1664; x_wconf 83' lang='lat' dir='ltr'><strong>rapinas</strong></span> 
     </span>
     <span class='ocr_line' id='line_1_13' title="bbox 411 1675 2553 1762; baseline 0.003 -21"><span class='ocrx_word' id='word_1_103' title='bbox 411 1686 570 1742; x_wconf 85' lang='lat' dir='ltr'><strong>tuas</strong></span> <span class='ocrx_word' id='word_1_104' title='bbox 612 1697 872 1744; x_wconf 88' lang='lat' dir='ltr'><strong>omnes</strong></span> <span class='ocrx_word' id='word_1_105' title='bbox 905 1675 1166 1746; x_wconf 87' lang='lat' dir='ltr'><strong>omitto</strong></span> <span class='ocrx_word' id='word_1_106' title='bbox 1195 1707 1253 1747; x_wconf 65' lang='grc' dir='ltr'><strong>η.</strong></span> <span class='ocrx_word' id='word_1_107' title='bbox 1293 1680 1460 1748; x_wconf 79' lang='lat' dir='ltr'><strong>Haec</strong></span> <span class='ocrx_word' id='word_1_108' title='bbox 1498 1678 1695 1750; x_wconf 84' lang='lat' dir='ltr'><strong>utilis</strong></span> <span class='ocrx_word' id='word_1_109' title='bbox 1732 1692 1839 1750; x_wconf 89' lang='lat' dir='ltr'><strong>est</strong></span> <span class='ocrx_word' id='word_1_110' title='bbox 1872 1679 2287 1762; x_wconf 82' lang='lat' dir='ltr'><strong>exornatio,</strong></span> <span class='ocrx_word' id='word_1_111' title='bbox 2330 1681 2391 1749; x_wconf 93' lang='lat' dir='ltr'><strong>si</strong></span> <span class='ocrx_word' id='word_1_112' title='bbox 2425 1694 2553 1748; x_wconf 85' lang='lat' dir='ltr'><strong>aut</strong></span> 
     </span>
     <span class='ocr_line' id='line_1_14' title="bbox 408 1787 2549 1886; baseline 0.005 -36"><span class='ocrx_word' id='word_1_113' title='bbox 408 1803 560 1852; x_wconf 86' lang='lat' dir='ltr'><strong>rem</strong></span> <span class='ocrx_word' id='word_1_114' title='bbox 583 1835 604 1866; x_wconf 88' lang='lat'><strong>,</strong></span> <span class='ocrx_word' id='word_1_115' title='bbox 633 1805 853 1878; x_wconf 88' lang='lat' dir='ltr'><strong>quam</strong></span> <span class='ocrx_word' id='word_1_116' title='bbox 893 1809 1044 1854; x_wconf 90' lang='lat' dir='ltr'><strong>non</strong></span> <span class='ocrx_word' id='word_1_117' title='bbox 1075 1788 1436 1883; x_wconf 79' lang='lat' dir='ltr'><strong>pertineat</strong></span> <span class='ocrx_word' id='word_1_118' title='bbox 1477 1789 1635 1859; x_wconf 84' lang='lat' dir='ltr'><strong>aliis</strong></span> <span class='ocrx_word' id='word_1_119' title='bbox 1662 1787 2043 1860; x_wconf 82' lang='lat' dir='ltr'><strong>ostendere</strong></span> <span class='ocrx_word' id='word_1_120' title='bbox 2062 1842 2083 1874; x_wconf 91' lang='lat'>‚</span> <span class='ocrx_word' id='word_1_121' title='bbox 2114 1788 2398 1860; x_wconf 89' lang='lat' dir='ltr'><strong>occulte</strong></span> <span class='ocrx_word' id='word_1_122' title='bbox 2424 1789 2549 1886; x_wconf 81' lang='lat' dir='ltr'><strong>ad·</strong></span> 
     </span>
     <span class='ocr_line' id='line_1_15' title="bbox 411 1895 2547 2000; baseline 0.003 -35"><span class='ocrx_word' id='word_1_123' title='bbox 411 1895 776 1966; x_wconf 90' lang='lat' dir='ltr'><strong>monuisse</strong></span> <span class='ocrx_word' id='word_1_124' title='bbox 831 1896 1128 1993; x_wconf 81' lang='lat' dir='ltr'><strong>prodest</strong></span> <span class='ocrx_word' id='word_1_125' title='bbox 1149 1954 1168 1984; x_wconf 91' lang='lat'>,</span> <span class='ocrx_word' id='word_1_126' title='bbox 1205 1915 1329 1972; x_wconf 85' lang='lat' dir='ltr'><strong>aut</strong></span> <span class='ocrx_word' id='word_1_127' title='bbox 1365 1903 1426 1974; x_wconf 88' lang='lat' dir='ltr'><strong>si</strong></span> <span class='ocrx_word' id='word_1_128' title='bbox 1473 1901 1776 1998; x_wconf 87' lang='lat' dir='ltr'><strong>longum</strong></span> <span class='ocrx_word' id='word_1_129' title='bbox 1820 1916 1968 1989; x_wconf 85' lang='lat' dir='ltr'><strong>est,</strong></span> <span class='ocrx_word' id='word_1_130' title='bbox 2012 1917 2138 1974; x_wconf 84' lang='lat' dir='ltr'><strong>aut</strong></span> <span class='ocrx_word' id='word_1_131' title='bbox 2190 1901 2505 2000; x_wconf 86' lang='lat' dir='ltr'><strong>ignobile</strong></span> <span class='ocrx_word' id='word_1_132' title='bbox 2526 1958 2547 1992; x_wconf 89' lang='lat'>‚</span> 
     </span>
     <span class='ocr_line' id='line_1_16' title="bbox 407 2002 2548 2110; baseline 0.004 -34"><span class='ocrx_word' id='word_1_133' title='bbox 407 2019 532 2076; x_wconf 84' lang='lat' dir='ltr'><strong>aut</strong></span> <span class='ocrx_word' id='word_1_134' title='bbox 563 2003 864 2102; x_wconf 82' lang='lat' dir='ltr'><strong>planum</strong></span> <span class='ocrx_word' id='word_1_135' title='bbox 903 2033 1054 2079; x_wconf 87' lang='lat' dir='ltr'><strong>nou</strong></span> <span class='ocrx_word' id='word_1_136' title='bbox 1084 2027 1326 2108; x_wconf 87' lang='lat' dir='ltr'><strong>potest</strong></span> <span class='ocrx_word' id='word_1_137' title='bbox 1363 2010 1521 2083; x_wconf 83' lang='lat' dir='ltr'><strong>fieri</strong></span> <span class='ocrx_word' id='word_1_138' title='bbox 1538 2002 1594 2098; x_wconf 81' lang='lat'><strong>⁵,</strong></span> <span class='ocrx_word' id='word_1_139' title='bbox 1629 2027 1753 2084; x_wconf 81' lang='lat' dir='ltr'><strong>aut</strong></span> <span class='ocrx_word' id='word_1_140' title='bbox 1782 2010 1989 2084; x_wconf 71' lang='lat' dir='ltr'><strong>fac-ile</strong></span> <span class='ocrx_word' id='word_1_141' title='bbox 2025 2026 2266 2110; x_wconf 88' lang='lat' dir='ltr'><strong>potest</strong></span> <span class='ocrx_word' id='word_1_142' title='bbox 2307 2036 2548 2110; x_wconf 82' lang='lat' dir='ltr'><strong>repre-</strong></span> 
     </span>
     <span class='ocr_line' id='line_1_17' title="bbox 409 2113 2551 2217; baseline 0.003 -33"><span class='ocrx_word' id='word_1_143' title='bbox 409 2113 661 2202; x_wconf 85' lang='lat' dir='ltr'><strong>hendi3</strong></span> <span class='ocrx_word' id='word_1_144' title='bbox 731 2129 815 2187; x_wconf 90' lang='lat' dir='ltr'><strong>ut</strong></span> <span class='ocrx_word' id='word_1_145' title='bbox 872 2117 1122 2192; x_wconf 88' lang='lat' dir='ltr'><strong>utilius</strong></span> <span class='ocrx_word' id='word_1_146' title='bbox 1179 2123 1273 2192; x_wconf 91' lang='lat' dir='ltr'><strong>sit</strong></span> <span class='ocrx_word' id='word_1_147' title='bbox 1333 2122 1617 2194; x_wconf 88' lang='lat' dir='ltr'><strong>occulte</strong></span> <span class='ocrx_word' id='word_1_148' title='bbox 1676 2121 1925 2194; x_wconf 86' lang='lat' dir='ltr'><strong>fecisse</strong></span> <span class='ocrx_word' id='word_1_149' title='bbox 1984 2123 2467 2217; x_wconf 89' lang='lat' dir='ltr'><strong>suspicionem</strong></span> <span class='ocrx_word' id='word_1_150' title='bbox 2493 2119 2551 2208; x_wconf 77' lang='lat'><strong>⁶,</strong></span> 
     </span>
     <span class='ocr_line' id='line_1_18' title="bbox 407 2225 2546 2326; baseline 0.001 -30"><span class='ocrx_word' id='word_1_151' title='bbox 407 2250 630 2322; x_wconf 84' lang='lat' dir='ltr'><strong>quam</strong></span> <span class='ocrx_word' id='word_1_152' title='bbox 687 2225 1110 2322; x_wconf 87' lang='lat' dir='ltr'><strong>hujusmodi</strong></span> <span class='ocrx_word' id='word_1_153' title='bbox 1169 2229 1561 2302; x_wconf 88' lang='lat' dir='ltr'><strong>intendisse</strong></span> <span class='ocrx_word' id='word_1_154' title='bbox 1611 2234 2055 2316; x_wconf 80' lang='lat' dir='ltr'><strong>orationem,</strong></span> <span class='ocrx_word' id='word_1_155' title='bbox 2094 2252 2256 2326; x_wconf 81' lang='lat' dir='ltr'><strong>quoe</strong></span> <span class='ocrx_word' id='word_1_156' title='bbox 2305 2228 2546 2300; x_wconf 83' lang='lat' dir='ltr'><strong>redar-</strong></span> 
     </span>
     <span class='ocr_line' id='line_1_19' title="bbox 409 2352 694 2433; baseline 0 -26"><span class='ocrx_word' id='word_1_157' title='bbox 409 2352 694 2433; x_wconf 82' lang='lat' dir='ltr'><strong>guatur.</strong></span> 
     </span>
    </p>

    <p class='ocr_par' dir='ltr' id='par_1_3' title="bbox 500 2446 2548 2548">
     <span class='ocr_line' id='line_1_20' title="bbox 500 2446 2548 2548; baseline 0.001 -29"><span class='ocrx_word' id='word_1_158' title='bbox 500 2448 939 2543; x_wconf 87' lang='lat' dir='ltr'><strong>Disjunctio⁷</strong></span> <span class='ocrx_word' id='word_1_159' title='bbox 979 2465 1122 2537; x_wconf 85' lang='lat' dir='ltr'><strong>est,</strong></span> <span class='ocrx_word' id='word_1_160' title='bbox 1161 2476 1390 2548; x_wconf 89' lang='lat' dir='ltr'><strong>quum</strong></span> <span class='ocrx_word' id='word_1_161' title='bbox 1425 2476 1726 2541; x_wconf 85' lang='lat' dir='ltr'><strong>eorum,</strong></span> <span class='ocrx_word' id='word_1_162' title='bbox 1770 2450 1861 2523; x_wconf 90' lang='lat' dir='ltr'><strong>de</strong></span> <span class='ocrx_word' id='word_1_163' title='bbox 1895 2449 2164 2548; x_wconf 88' lang='lat' dir='ltr'><strong>quibus</strong></span> <span class='ocrx_word' id='word_1_164' title='bbox 2204 2446 2548 2537; x_wconf 86' lang='lat' dir='ltr'><strong>dicimus,</strong></span> 
     </span>
    </p>
   </div>
   <div class='ocr_carea' id='block_1_3' title="bbox 1520 2642 2547 2787">
    <p class='ocr_par' dir='ltr' id='par_1_4' title="bbox 1520 2642 2547 2787">
     <span class='ocr_line' id='line_1_21' title="bbox 1520 2642 2547 2709; baseline -0.001 -17"><span class='ocrx_word' id='word_1_165' title='bbox 1520 2644 1769 2709; x_wconf 73' lang='lat' dir='ltr'><strong>irrepserit</strong></span> <span class='ocrx_word' id='word_1_166' title='bbox 1784 2678 1803 2707; x_wconf 84' lang='lat'>‚</span> <span class='ocrx_word' id='word_1_167' title='bbox 1861 2658 2013 2707; x_wconf 83' lang='lat' dir='ltr'><strong>quum</strong></span> <span class='ocrx_word' id='word_1_168' title='bbox 2064 2657 2259 2689; x_wconf 67' lang='lat' dir='ltr'><strong>nusum</strong></span> <span class='ocrx_word' id='word_1_169' title='bbox 2297 2642 2547 2693; x_wconf 74' lang='lat' dir='ltr'><strong>manifeste</strong></span> 
     </span>
     <span class='ocr_line' id='line_1_22' title="bbox 1522 2721 2541 2787; baseline 0 -16"><span class='ocrx_word' id='word_1_170' title='bbox 1522 2733 1823 2787; x_wconf 75' lang='lat' dir='ltr'><strong>corrumpet.</strong></span> <span class='ocrx_word' id='word_1_171' title='bbox 1864 2722 1993 2771; x_wconf 77' lang='lat' dir='ltr'><strong>Eu.</strong></span> <span class='ocrx_word' id='word_1_172' title='bbox 2034 2746 2101 2759; x_wconf 87' lang='lat'><em>-</em></span> <span class='ocrx_word' id='word_1_173' title='bbox 2144 2721 2303 2784; x_wconf 83' lang='lat' dir='ltr'><strong>Quem</strong></span> <span class='ocrx_word' id='word_1_174' title='bbox 2344 2721 2541 2771; x_wconf 79' lang='lat' dir='ltr'><strong>Sebiits.</strong></span> 
     </span>
    </p>
   </div>
   <div class='ocr_carea' id='block_1_4' title="bbox 403 2648 1434 2781">
    <p class='ocr_par' dir='ltr' id='par_1_5' title="bbox 403 2648 1434 2781">
     <span class='ocr_line' id='line_1_23' title="bbox 403 2648 1432 2715; baseline 0.001 -17"><span class='ocrx_word' id='word_1_175' title='bbox 403 2650 688 2714; x_wconf 64' lang='lat' dir='ltr'><strong>presertim,</strong></span> <span class='ocrx_word' id='word_1_176' title='bbox 714 2651 758 2697; x_wconf 82' lang='lat' dir='ltr'><strong>si</strong></span> <span class='ocrx_word' id='word_1_177' title='bbox 789 2648 1060 2699; x_wconf 76' lang='lat' dir='ltr'><strong>recorderis</strong></span> <span class='ocrx_word' id='word_1_178' title='bbox 1091 2666 1268 2699; x_wconf 81' lang='lat' dir='ltr'><strong>vocem</strong></span> <span class='ocrx_word' id='word_1_179' title='bbox 1295 2666 1432 2715; x_wconf 82' lang='lat' dir='ltr'><strong>prae·</strong></span> 
     </span>
     <span class='ocr_line' id='line_1_24' title="bbox 405 2728 1434 2781; baseline 0.005 -7"><span class='ocrx_word' id='word_1_180' title='bbox 405 2729 562 2777; x_wconf 76' lang='lat' dir='ltr'><strong>een&#39;tio</strong></span> <span class='ocrx_word' id='word_1_181' title='bbox 584 2728 810 2778; x_wconf 77' lang='lat' dir='ltr'><strong>nonduin</strong></span> <span class='ocrx_word' id='word_1_182' title='bbox 837 2730 894 2779; x_wconf 85' lang='lat' dir='ltr'><strong>iu</strong></span> <span class='ocrx_word' id='word_1_183' title='bbox 929 2746 1026 2779; x_wconf 85' lang='lat' dir='ltr'><strong>usu</strong></span> <span class='ocrx_word' id='word_1_184' title='bbox 1059 2732 1204 2779; x_wconf 76' lang='lat' dir='ltr'><strong>fuisse</strong></span> <span class='ocrx_word' id='word_1_185' title='bbox 1229 2731 1434 2781; x_wconf 84' lang='lat' dir='ltr'><strong>Cicero-</strong></span> 
     </span>
    </p>
   </div>
   <div class='ocr_carea' id='block_1_5' title="bbox 401 2808 1436 4137">
    <p class='ocr_par' dir='ltr' id='par_1_6' title="bbox 403 2808 1436 3031">
     <span class='ocr_line' id='line_1_25' title="bbox 403 2808 1436 2867; baseline 0 -10"><span class='ocrx_word' id='word_1_186' title='bbox 403 2808 481 2857; x_wconf 81' lang='lat' dir='ltr'><strong>nis</strong></span> <span class='ocrx_word' id='word_1_187' title='bbox 515 2818 686 2867; x_wconf 71' lang='lat' dir='ltr'><strong>aetsoe,</strong></span> <span class='ocrx_word' id='word_1_188' title='bbox 721 2808 808 2857; x_wconf 88' lang='lat' dir='ltr'><strong>sed</strong></span> <span class='ocrx_word' id='word_1_189' title='bbox 835 2810 888 2859; x_wconf 88' lang='lat' dir='ltr'><strong>iu</strong></span> <span class='ocrx_word' id='word_1_190' title='bbox 911 2810 1150 2859; x_wconf 79' lang='lat' dir='ltr'><strong>sermonis</strong></span> <span class='ocrx_word' id='word_1_191' title='bbox 1179 2827 1320 2859; x_wconf 81' lang='lat' dir='ltr'><strong>usum</strong></span> <span class='ocrx_word' id='word_1_192' title='bbox 1345 2808 1436 2858; x_wconf 78' lang='lat' dir='ltr'><strong>sd·</strong></span> 
     </span>
     <span class='ocr_line' id='line_1_26' title="bbox 407 2886 1434 2953; baseline 0.002 -18"><span class='ocrx_word' id='word_1_193' title='bbox 407 2886 608 2935; x_wconf 70' lang='lat' dir='ltr'><strong>ductam</strong></span> <span class='ocrx_word' id='word_1_194' title='bbox 649 2888 798 2938; x_wconf 79' lang='lat' dir='ltr'><strong>fuisse</strong></span> <span class='ocrx_word' id='word_1_195' title='bbox 844 2905 874 2937; x_wconf 79' lang='grc' dir='ltr'>ι</span> <span class='ocrx_word' id='word_1_196' title='bbox 919 2888 1116 2939; x_wconf 81' lang='lat' dir='ltr'><strong>rhetore</strong></span> <span class='ocrx_word' id='word_1_197' title='bbox 1151 2890 1334 2953; x_wconf 70' lang='lat' dir='ltr'><strong>Aquila</strong></span> <span class='ocrx_word' id='word_1_198' title='bbox 1369 2888 1434 2937; x_wconf 81' lang='lat' dir='ltr'><strong>de</strong></span> 
     </span>
     <span class='ocr_line' id='line_1_27' title="bbox 403 2964 955 3031; baseline 0.007 -17"><span class='ocrx_word' id='word_1_199' title='bbox 403 2964 574 3031; x_wconf 74' lang='lat' dir='ltr'><strong>figuris</strong></span> <span class='ocrx_word' id='word_1_200' title='bbox 594 2970 955 3018; x_wconf 77' lang='lat' dir='ltr'><strong>sententiarum.</strong></span> 
     </span>
    </p>

    <p class='ocr_par' dir='ltr' id='par_1_7' title="bbox 403 3048 1434 3252">
     <span class='ocr_line' id='line_1_28' title="bbox 479 3048 1433 3112; baseline 0.001 -16"><span class='ocrx_word' id='word_1_201' title='bbox 479 3064 531 3096; x_wconf 64' lang='grc' dir='ltr'><strong>π.</strong></span> <span class='ocrx_word' id='word_1_202' title='bbox 559 3048 695 3095; x_wconf 77' lang='lat' dir='ltr'><strong>Nam</strong></span> <span class='ocrx_word' id='word_1_203' title='bbox 741 3049 806 3097; x_wconf 81' lang='lat' dir='ltr'><strong>de</strong></span> <span class='ocrx_word' id='word_1_204' title='bbox 842 3048 1074 3112; x_wconf 75' lang='lat' dir='ltr'><strong>puericia.</strong></span> <span class='ocrx_word' id='word_1_205' title='bbox 1119 3050 1231 3097; x_wconf 78' lang='lat' dir='ltr'><strong>Hoc</strong></span> <span class='ocrx_word' id='word_1_206' title='bbox 1273 3062 1433 3097; x_wconf 68' lang='lat' dir='ltr'><strong>aem·</strong></span> 
     </span>
     <span class='ocr_line' id='line_1_29' title="bbox 405 3124 1434 3193; baseline 0.002 -20"><span class='ocrx_word' id='word_1_207' title='bbox 405 3124 542 3189; x_wconf 83' lang='lat' dir='ltr'><strong>plum</strong></span> <span class='ocrx_word' id='word_1_208' title='bbox 571 3136 822 3191; x_wconf 77' lang='lat' dir='ltr'><strong>sumptum</strong></span> <span class='ocrx_word' id='word_1_209' title='bbox 839 3144 944 3177; x_wconf 84' lang='lat' dir='ltr'><strong>esse</strong></span> <span class='ocrx_word' id='word_1_210' title='bbox 961 3139 1098 3193; x_wconf 77' lang='lat' dir='ltr'><strong>petet</strong></span> <span class='ocrx_word' id='word_1_211' title='bbox 1117 3145 1146 3177; x_wconf 89' lang='lat' dir='ltr'><strong>e</strong></span> <span class='ocrx_word' id='word_1_212' title='bbox 1171 3144 1314 3177; x_wconf 74' lang='lat' dir='ltr'><strong>causa</strong></span> <span class='ocrx_word' id='word_1_213' title='bbox 1348 3142 1434 3175; x_wconf 85' lang='lat' dir='ltr'><strong>uo-</strong></span> 
     </span>
     <span class='ocr_line' id='line_1_30' title="bbox 403 3202 662 3252; baseline 0.004 -1"><span class='ocrx_word' id='word_1_214' title='bbox 403 3202 510 3252; x_wconf 78' lang='lat' dir='ltr'><strong>bili.</strong></span> <span class='ocrx_word' id='word_1_215' title='bbox 532 3205 662 3252; x_wconf 69' lang='lat' dir='ltr'><strong>Eun.</strong></span> 
     </span>
    </p>

    <p class='ocr_par' dir='ltr' id='par_1_8' title="bbox 402 3282 1434 3427">
     <span class='ocr_line' id='line_1_31' title="bbox 476 3282 1434 3348; baseline 0 -17"><span class='ocrx_word' id='word_1_216' title='bbox 476 3283 528 3331; x_wconf 79' lang='lat'><strong>3.</strong></span> <span class='ocrx_word' id='word_1_217' title='bbox 559 3282 709 3331; x_wconf 81' lang='lat' dir='ltr'><strong>Omni</strong></span> <span class='ocrx_word' id='word_1_218' title='bbox 731 3282 1135 3348; x_wconf 74' lang='lat' dir='ltr'><strong>inscenperamioe.</strong></span> <span class='ocrx_word' id='word_1_219' title='bbox 1152 3306 1180 3329; x_wconf 71' lang='grc' dir='ltr'><strong>α</strong></span> <span class='ocrx_word' id='word_1_220' title='bbox 1199 3286 1434 3333; x_wconf 85' lang='lat' dir='ltr'><strong>Omnium</strong></span> 
     </span>
     <span class='ocr_line' id='line_1_32' title="bbox 402 3360 1272 3427; baseline 0.005 -20"><span class='ocrx_word' id='word_1_221' title='bbox 402 3360 826 3424; x_wconf 76' lang='lat' dir='ltr'><strong>intemperantioe·</strong></span> <span class='ocrx_word' id='word_1_222' title='bbox 852 3362 934 3413; x_wconf 88' lang='lat' dir='ltr'><strong>ed.</strong></span> <span class='ocrx_word' id='word_1_223' title='bbox 957 3363 1093 3413; x_wconf 73' lang='lat' dir='ltr'><strong>Mod.</strong></span> <span class='ocrx_word' id='word_1_224' title='bbox 1119 3364 1272 3427; x_wconf 68' lang='lat'><strong>1498.</strong></span> 
     </span>
    </p>

    <p class='ocr_par' dir='ltr' id='par_1_9' title="bbox 401 3440 1430 3902">
     <span class='ocr_line' id='line_1_33' title="bbox 475 3440 1426 3506; baseline 0.001 -17"><span class='ocrx_word' id='word_1_225' title='bbox 475 3448 526 3496; x_wconf 72' lang='grc'><strong>4.</strong></span> <span class='ocrx_word' id='word_1_226' title='bbox 558 3440 707 3503; x_wconf 79' lang='lat' dir='ltr'><strong>Quod</strong></span> <span class='ocrx_word' id='word_1_227' title='bbox 728 3452 774 3489; x_wconf 77' lang='lat' dir='ltr'><strong>ce</strong></span> <span class='ocrx_word' id='word_1_228' title='bbox 800 3452 859 3490; x_wconf 76' lang='lat' dir='ltr'><strong>tr.</strong></span> <span class='ocrx_word' id='word_1_229' title='bbox 889 3442 966 3491; x_wconf 79' lang='lat' dir='ltr'><strong>rei</strong></span> <span class='ocrx_word' id='word_1_230' title='bbox 982 3442 1208 3493; x_wconf 76' lang='lat' dir='ltr'><strong>militaris</strong></span> <span class='ocrx_word' id='word_1_231' title='bbox 1227 3443 1278 3491; x_wconf 78' lang='lat' dir='ltr'><strong>in</strong></span> <span class='ocrx_word' id='word_1_232' title='bbox 1289 3440 1426 3506; x_wconf 75' lang='lat' dir='ltr'><strong>freq.</strong></span> 
     </span>
     <span class='ocr_line' id='line_1_34' title="bbox 403 3517 1430 3572; baseline 0.004 -7"><span class='ocrx_word' id='word_1_233' title='bbox 403 3517 726 3571; x_wconf 61' lang='lat' dir='ltr'><strong>tradiderunt.</strong></span> <span class='ocrx_word' id='word_1_234' title='bbox 777 3522 1066 3572; x_wconf 67' lang='lat' dir='ltr'><strong>Emendavit</strong></span> <span class='ocrx_word' id='word_1_235' title='bbox 1117 3525 1355 3571; x_wconf 82' lang='lat' dir='ltr'><strong>Gruterus</strong></span> <span class='ocrx_word' id='word_1_236' title='bbox 1401 3537 1430 3569; x_wconf 84' lang='grc' dir='ltr'><strong>ο</strong></span> 
     </span>
     <span class='ocr_line' id='line_1_35' title="bbox 403 3598 1428 3663; baseline 0.001 -18"><span class='ocrx_word' id='word_1_237' title='bbox 403 3613 490 3645; x_wconf 81' lang='lat' dir='ltr'><strong>sex</strong></span> <span class='ocrx_word' id='word_1_238' title='bbox 525 3598 669 3649; x_wconf 76' lang='lat' dir='ltr'><strong>MSS.</strong></span> <span class='ocrx_word' id='word_1_239' title='bbox 707 3604 866 3651; x_wconf 79' lang='lat' dir='ltr'><strong>Antea</strong></span> <span class='ocrx_word' id='word_1_240' title='bbox 895 3613 996 3651; x_wconf 74' lang='lat' dir='ltr'><strong>erat</strong></span> <span class='ocrx_word' id='word_1_241' title='bbox 1019 3602 1072 3650; x_wconf 84' lang='lat' dir='ltr'><strong>iu</strong></span> <span class='ocrx_word' id='word_1_242' title='bbox 1094 3600 1230 3649; x_wconf 85' lang='lat' dir='ltr'><strong>libris</strong></span> <span class='ocrx_word' id='word_1_243' title='bbox 1247 3622 1273 3643; x_wconf 76' lang='grc' dir='ltr'><strong>ιι</strong></span> <span class='ocrx_word' id='word_1_244' title='bbox 1291 3598 1428 3663; x_wconf 84' lang='lat' dir='ltr'><strong>quod</strong></span> 
     </span>
     <span class='ocr_line' id='line_1_36' title="bbox 401 3676 1430 3746; baseline 0.001 -23"><span class='ocrx_word' id='word_1_245' title='bbox 401 3676 474 3723; x_wconf 82' lang='lat' dir='ltr'><strong>rei</strong></span> <span class='ocrx_word' id='word_1_246' title='bbox 513 3676 736 3727; x_wconf 72' lang='lat' dir='ltr'><strong>militaris</strong></span> <span class='ocrx_word' id='word_1_247' title='bbox 779 3690 828 3729; x_wconf 83' lang='lat' dir='ltr'><strong>te</strong></span> <span class='ocrx_word' id='word_1_248' title='bbox 873 3681 1230 3746; x_wconf 74' lang='lat' dir='ltr'><strong>infrequentem</strong></span> <span class='ocrx_word' id='word_1_249' title='bbox 1263 3676 1430 3725; x_wconf 82' lang='lat' dir='ltr'><strong>reddi-</strong></span> 
     </span>
     <span class='ocr_line' id='line_1_37' title="bbox 403 3754 1426 3814; baseline 0.003 -12"><span class='ocrx_word' id='word_1_250' title='bbox 403 3754 520 3803; x_wconf 80' lang='lat' dir='ltr'><strong>disti</strong></span> <span class='ocrx_word' id='word_1_251' title='bbox 543 3774 566 3799; x_wconf 72' lang='grc' dir='ltr'><strong>ι</strong></span> <span class='ocrx_word' id='word_1_252' title='bbox 585 3790 601 3814; x_wconf 89' lang='grc'><em>,</em></span> <span class='ocrx_word' id='word_1_253' title='bbox 635 3758 714 3805; x_wconf 81' lang='lat' dir='ltr'><strong>vel</strong></span> <span class='ocrx_word' id='word_1_254' title='bbox 735 3759 1002 3808; x_wconf 71' lang='lat' dir='ltr'><strong>tradidisti.</strong></span> <span class='ocrx_word' id='word_1_255' title='bbox 1029 3762 1294 3809; x_wconf 78' lang='lat' dir='ltr'><strong>Gruterum</strong></span> <span class='ocrx_word' id='word_1_256' title='bbox 1309 3756 1426 3807; x_wconf 76' lang='lat' dir='ltr'><strong>sch.</strong></span> 
     </span>
     <span class='ocr_line' id='line_1_38' title="bbox 401 3836 959 3902; baseline 0.009 -19"><span class='ocrx_word' id='word_1_257' title='bbox 401 3845 450 3883; x_wconf 83' lang='lat' dir='ltr'><strong>et</strong></span> <span class='ocrx_word' id='word_1_258' title='bbox 473 3836 592 3885; x_wconf 79' lang='lat' dir='ltr'><strong>Ern.</strong></span> <span class='ocrx_word' id='word_1_259' title='bbox 612 3842 806 3902; x_wconf 82' lang='lat' dir='ltr'><strong>sequuti</strong></span> <span class='ocrx_word' id='word_1_260' title='bbox 829 3850 959 3888; x_wconf 83' lang='lat' dir='ltr'><strong>sunt.</strong></span> 
     </span>
    </p>

    <p class='ocr_par' dir='ltr' id='par_1_10' title="bbox 403 3914 1436 4137">
     <span class='ocr_line' id='line_1_39' title="bbox 477 3914 1430 3984; baseline 0.001 -22"><span class='ocrx_word' id='word_1_261' title='bbox 477 3916 526 3963; x_wconf 80' lang='lat'><strong>5.</strong></span> <span class='ocrx_word' id='word_1_262' title='bbox 545 3918 650 3963; x_wconf 78' lang='lat' dir='ltr'><strong>Am</strong></span> <span class='ocrx_word' id='word_1_263' title='bbox 660 3917 872 3981; x_wconf 65' lang='lat' dir='ltr'><strong>planum</strong></span> <span class='ocrx_word' id='word_1_264' title='bbox 889 3934 990 3965; x_wconf 69' lang='lat' dir='ltr'><strong>non</strong></span> <span class='ocrx_word' id='word_1_265' title='bbox 1003 3927 1170 3981; x_wconf 74' lang='lat' dir='ltr'><strong>potest</strong></span> <span class='ocrx_word' id='word_1_266' title='bbox 1183 3914 1322 3984; x_wconf 74' lang='lat' dir='ltr'><strong>fieri.</strong></span> <span class='ocrx_word' id='word_1_267' title='bbox 1334 3915 1430 3965; x_wconf 78' lang='lat' dir='ltr'><strong>uie</strong></span> 
     </span>
     <span class='ocr_line' id='line_1_40' title="bbox 405 3993 1436 4046; baseline 0.002 -7"><span class='ocrx_word' id='word_1_268' title='bbox 405 3994 688 4043; x_wconf 70' lang='lat' dir='ltr'><strong>auctoribus</strong></span> <span class='ocrx_word' id='word_1_269' title='bbox 721 3996 848 4046; x_wconf 67' lang='lat' dir='ltr'><strong>MSS</strong></span> <span class='ocrx_word' id='word_1_270' title='bbox 891 4006 942 4045; x_wconf 81' lang='lat' dir='ltr'><strong>et</strong></span> <span class='ocrx_word' id='word_1_271' title='bbox 977 3994 1092 4044; x_wconf 84' lang='lat' dir='ltr'><strong>edd.</strong></span> <span class='ocrx_word' id='word_1_272' title='bbox 1128 4005 1250 4043; x_wconf 77' lang='lat' dir='ltr'><strong>vett.</strong></span> <span class='ocrx_word' id='word_1_273' title='bbox 1275 3993 1436 4041; x_wconf 73' lang='lat' dir='ltr'><strong>delevi</strong></span> 
     </span>
     <span class='ocr_line' id='line_1_41' title="bbox 403 4074 1432 4137; baseline 0.004 -20"><span class='ocrx_word' id='word_1_274' title='bbox 403 4081 494 4117; x_wconf 76' lang='lat' dir='ltr'><strong>aeae</strong></span> <span class='ocrx_word' id='word_1_275' title='bbox 523 4082 638 4121; x_wconf 73' lang='lat' dir='ltr'><strong>ente</strong></span> <span class='ocrx_word' id='word_1_276' title='bbox 665 4088 764 4121; x_wconf 71' lang='lat' dir='ltr'><strong>noa</strong></span> <span class='ocrx_word' id='word_1_277' title='bbox 777 4108 794 4131; x_wconf 86' lang='lat'><em>,</em></span> <span class='ocrx_word' id='word_1_278' title='bbox 823 4074 958 4137; x_wconf 78' lang='lat' dir='ltr'><strong>quod</strong></span> <span class='ocrx_word' id='word_1_279' title='bbox 993 4074 1160 4123; x_wconf 77' lang='lat' dir='ltr'><strong>nescio</strong></span> <span class='ocrx_word' id='word_1_280' title='bbox 1185 4088 1288 4136; x_wconf 88' lang='lat' dir='ltr'><strong>quo</strong></span> <span class='ocrx_word' id='word_1_281' title='bbox 1315 4087 1432 4121; x_wconf 72' lang='lat' dir='ltr'><strong>casu</strong></span> 
     </span>
    </p>
   </div>
   <div class='ocr_carea' id='block_1_6' title="bbox 1516 2803 2549 4133">
    <p class='ocr_par' dir='ltr' id='par_1_11' title="bbox 1522 2803 1763 2865">
     <span class='ocr_line' id='line_1_42' title="bbox 1522 2803 1763 2865; baseline 0 -15"><span class='ocrx_word' id='word_1_282' title='bbox 1522 2803 1763 2865; x_wconf 82' lang='lat' dir='ltr'><strong>sequitur.</strong></span> 
     </span>
    </p>

    <p class='ocr_par' dir='ltr' id='par_1_12' title="bbox 1522 2878 2549 3028">
     <span class='ocr_line' id='line_1_43' title="bbox 1595 2878 2549 2945; baseline -0.002 -16"><span class='ocrx_word' id='word_1_283' title='bbox 1595 2882 1647 2931; x_wconf 84' lang='lat'><strong>6.</strong></span> <span class='ocrx_word' id='word_1_284' title='bbox 1688 2879 1875 2929; x_wconf 76' lang='lat' dir='ltr'><strong>Fecisse</strong></span> <span class='ocrx_word' id='word_1_285' title='bbox 1906 2878 2247 2945; x_wconf 75' lang='lat' dir='ltr'><strong>suspicionem.</strong></span> <span class='ocrx_word' id='word_1_286' title='bbox 2284 2880 2549 2927; x_wconf 73' lang='lat' dir='ltr'><strong>Lambinus</strong></span> 
     </span>
     <span class='ocr_line' id='line_1_44' title="bbox 1522 2958 2004 3028; baseline 0 -21"><span class='ocrx_word' id='word_1_287' title='bbox 1522 2958 1657 3028; x_wconf 81' lang='lat' dir='ltr'><strong>conj.</strong></span> <span class='ocrx_word' id='word_1_288' title='bbox 1662 2959 1859 3025; x_wconf 73' lang='lat' dir='ltr'><strong>jecisse.</strong></span> <span class='ocrx_word' id='word_1_289' title='bbox 1881 2960 2004 3007; x_wconf 78' lang='lat' dir='ltr'><strong>Scu-</strong></span> 
     </span>
    </p>

    <p class='ocr_par' dir='ltr' id='par_1_13' title="bbox 1516 3031 2549 4133">
     <span class='ocr_line' id='line_1_45' title="bbox 1596 3031 2541 3105; baseline -0.004 -18"><span class='ocrx_word' id='word_1_290' title='bbox 1596 3055 1644 3099; x_wconf 73' lang='lat'><strong>7.</strong></span> <span class='ocrx_word' id='word_1_291' title='bbox 1672 3037 1959 3104; x_wconf 75' lang='lat' dir='ltr'><strong>Disjunccio.</strong></span> <span class='ocrx_word' id='word_1_292' title='bbox 1991 3039 2160 3086; x_wconf 68' lang='lat' dir='ltr'><strong>Graece</strong></span> <span class='ocrx_word' id='word_1_293' title='bbox 2196 3031 2541 3105; x_wconf 73' lang='grc' dir='ltr'><strong>διεζευγμένον.</strong></span> 
     </span>
     <span class='ocr_line' id='line_1_46' title="bbox 1523 3120 2547 3186; baseline -0.002 -15"><span class='ocrx_word' id='word_1_294' title='bbox 1523 3124 1690 3185; x_wconf 85' lang='lat' dir='ltr'><strong>Quum</strong></span> <span class='ocrx_word' id='word_1_295' title='bbox 1714 3139 1815 3170; x_wconf 87' lang='lat' dir='ltr'><strong>non</strong></span> <span class='ocrx_word' id='word_1_296' title='bbox 1842 3138 1995 3171; x_wconf 86' lang='lat' dir='ltr'><strong>unum</strong></span> <span class='ocrx_word' id='word_1_297' title='bbox 2023 3121 2209 3186; x_wconf 78' lang='lat' dir='ltr'><strong>aliquid</strong></span> <span class='ocrx_word' id='word_1_298' title='bbox 2235 3122 2296 3170; x_wconf 83' lang='lat' dir='ltr'><strong>de</strong></span> <span class='ocrx_word' id='word_1_299' title='bbox 2322 3120 2547 3186; x_wconf 79' lang='lat' dir='ltr'><strong>pluribus</strong></span> 
     </span>
     <span class='ocr_line' id='line_1_47' title="bbox 1520 3201 2545 3260; baseline 0 -11"><span class='ocrx_word' id='word_1_300' title='bbox 1520 3202 1668 3251; x_wconf 80' lang='lat' dir='ltr'><strong>rebus</strong></span> <span class='ocrx_word' id='word_1_301' title='bbox 1710 3202 1831 3251; x_wconf 78' lang='lat' dir='ltr'><strong>dicit</strong></span> <span class='ocrx_word' id='word_1_302' title='bbox 1870 3212 2063 3260; x_wconf 77' lang='lat' dir='ltr'><strong>orator,</strong></span> <span class='ocrx_word' id='word_1_303' title='bbox 2108 3202 2193 3249; x_wconf 83' lang='lat' dir='ltr'><strong>sed</strong></span> <span class='ocrx_word' id='word_1_304' title='bbox 2232 3201 2331 3249; x_wconf 80' lang='lat' dir='ltr'><strong>suis</strong></span> <span class='ocrx_word' id='word_1_305' title='bbox 2376 3215 2545 3249; x_wconf 78' lang='lat' dir='ltr'><strong>uuaru-</strong></span> 
     </span>
     <span class='ocr_line' id='line_1_48' title="bbox 1522 3279 2549 3345; baseline -0.002 -16"><span class='ocrx_word' id='word_1_306' title='bbox 1522 3296 1765 3345; x_wconf 78' lang='lat' dir='ltr'><strong>quamque</strong></span> <span class='ocrx_word' id='word_1_307' title='bbox 1804 3296 1905 3329; x_wconf 83' lang='lat' dir='ltr'><strong>rem</strong></span> <span class='ocrx_word' id='word_1_308' title='bbox 1941 3279 2101 3327; x_wconf 85' lang='lat' dir='ltr'><strong>verbis</strong></span> <span class='ocrx_word' id='word_1_309' title='bbox 2132 3291 2297 3337; x_wconf 70' lang='lat' dir='ltr'><strong>notat,</strong></span> <span class='ocrx_word' id='word_1_310' title='bbox 2323 3288 2375 3326; x_wconf 86' lang='lat' dir='ltr'><strong>ut</strong></span> <span class='ocrx_word' id='word_1_311' title='bbox 2413 3290 2549 3345; x_wconf 74' lang='lat' dir='ltr'><strong>patet</strong></span> 
     </span>
     <span class='ocr_line' id='line_1_49' title="bbox 1520 3357 2547 3425; baseline -0.003 -17"><span class='ocrx_word' id='word_1_312' title='bbox 1520 3376 1547 3408; x_wconf 88' lang='lat' dir='ltr'><strong>e</strong></span> <span class='ocrx_word' id='word_1_313' title='bbox 1573 3376 1709 3425; x_wconf 81' lang='lat' dir='ltr'><strong>seqq.</strong></span> <span class='ocrx_word' id='word_1_314' title='bbox 1752 3362 1849 3410; x_wconf 72' lang='lat' dir='ltr'><strong>«P.</strong></span> <span class='ocrx_word' id='word_1_315' title='bbox 1880 3363 1946 3409; x_wconf 79' lang='lat' dir='ltr'><strong>R.</strong></span> <span class='ocrx_word' id='word_1_316' title='bbox 1980 3358 2291 3407; x_wconf 74' lang='lat' dir='ltr'><strong>Numantiam</strong></span> <span class='ocrx_word' id='word_1_317' title='bbox 2336 3357 2547 3417; x_wconf 85' lang='lat' dir='ltr'><strong>delevit,</strong></span> 
     </span>
     <span class='ocr_line' id='line_1_50' title="bbox 1520 3437 2547 3503; baseline -0.004 -14"><span class='ocrx_word' id='word_1_318' title='bbox 1520 3439 1857 3503; x_wconf 75' lang='lat' dir='ltr'><strong>Carthaginem</strong></span> <span class='ocrx_word' id='word_1_319' title='bbox 1869 3472 1990 3488; x_wconf 87' lang='grc'><strong>.....</strong></span> <span class='ocrx_word' id='word_1_320' title='bbox 2002 3437 2199 3487; x_wconf 79' lang='lat' dir='ltr'><strong>sustulit</strong></span> <span class='ocrx_word' id='word_1_321' title='bbox 2216 3472 2231 3493; x_wconf 82' lang='lat'>,</span> <span class='ocrx_word' id='word_1_322' title='bbox 2256 3437 2547 3487; x_wconf 80' lang='lat' dir='ltr'><strong>Corinthum</strong></span> 
     </span>
     <span class='ocr_line' id='line_1_51' title="bbox 1528 3514 2545 3583; baseline -0.007 -15"><span class='ocrx_word' id='word_1_323' title='bbox 1528 3518 1801 3583; x_wconf 82' lang='lat' dir='ltr'><strong>...disjecit</strong></span> <span class='ocrx_word' id='word_1_324' title='bbox 1821 3553 1835 3577; x_wconf 90' lang='lat'>‚</span> <span class='ocrx_word' id='word_1_325' title='bbox 1864 3517 2381 3580; x_wconf 75' lang='lat' dir='ltr'><strong>Fregellas...evertit.</strong></span> <span class='ocrx_word' id='word_1_326' title='bbox 2411 3514 2545 3563; x_wconf 83' lang='lat' dir='ltr'><strong>Nihil</strong></span> 
     </span>
     <span class='ocr_line' id='line_1_52' title="bbox 1518 3596 2545 3659; baseline -0.005 -14"><span class='ocrx_word' id='word_1_327' title='bbox 1518 3596 2047 3647; x_wconf 57' lang='lat' dir='ltr'><strong>Numantinum-sires</strong></span> <span class='ocrx_word' id='word_1_328' title='bbox 2082 3596 2379 3659; x_wconf 76' lang='lat' dir='ltr'><strong>corporis...</strong></span> <span class='ocrx_word' id='word_1_329' title='bbox 2404 3596 2545 3643; x_wconf 81' lang='lat' dir='ltr'><strong>suxi-</strong></span> 
     </span>
     <span class='ocr_line' id='line_1_53' title="bbox 1518 3672 2533 3737; baseline -0.005 -12"><span class='ocrx_word' id='word_1_330' title='bbox 1518 3676 1645 3725; x_wconf 68' lang='lat' dir='ltr'><strong>liam</strong></span> <span class='ocrx_word' id='word_1_331' title='bbox 1666 3687 1805 3733; x_wconf 62' lang='lat' dir='ltr'><strong>suun</strong></span> <span class='ocrx_word' id='word_1_332' title='bbox 1834 3674 1957 3723; x_wconf 87' lang='lat' dir='ltr'><strong>nihil</strong></span> <span class='ocrx_word' id='word_1_333' title='bbox 1976 3672 2533 3737; x_wconf 76' lang='lat' dir='ltr'><strong>Carthaginiensibus...</strong></span> 
     </span>
     <span class='ocr_line' id='line_1_54' title="bbox 1516 3751 2545 3813; baseline -0.005 -9"><span class='ocrx_word' id='word_1_334' title='bbox 1516 3756 1717 3804; x_wconf 73' lang='lat' dir='ltr'><strong>scientia</strong></span> <span class='ocrx_word' id='word_1_335' title='bbox 1762 3756 1831 3802; x_wconf 87' lang='lat' dir='ltr'><strong>rei</strong></span> <span class='ocrx_word' id='word_1_336' title='bbox 1874 3753 2093 3801; x_wconf 79' lang='lat' dir='ltr'><strong>militaris</strong></span> <span class='ocrx_word' id='word_1_337' title='bbox 2105 3788 2240 3803; x_wconf 88' lang='lat'><strong>.....</strong></span> <span class='ocrx_word' id='word_1_338' title='bbox 2264 3751 2545 3813; x_wconf 76' lang='lat' dir='ltr'><strong>adjumento</strong></span> 
     </span>
     <span class='ocr_line' id='line_1_55' title="bbox 1516 3830 2541 3897; baseline -0.004 -15"><span class='ocrx_word' id='word_1_339' title='bbox 1516 3834 1613 3882; x_wconf 79' lang='lat' dir='ltr'><strong>fuit</strong></span> <span class='ocrx_word' id='word_1_340' title='bbox 1626 3868 1641 3893; x_wconf 84' lang='lat'><strong>‚</strong></span> <span class='ocrx_word' id='word_1_341' title='bbox 1664 3846 1763 3885; x_wconf 78' lang='lat' dir='ltr'><strong>etc.</strong></span> <span class='ocrx_word' id='word_1_342' title='bbox 1784 3855 1809 3876; x_wconf 82' lang='lat'><strong>¹·</strong></span> <span class='ocrx_word' id='word_1_343' title='bbox 1832 3834 2025 3883; x_wconf 71' lang='lat' dir='ltr'><strong>Eri-me</strong></span> <span class='ocrx_word' id='word_1_344' title='bbox 2044 3832 2193 3897; x_wconf 76' lang='lat' dir='ltr'><strong>igitur</strong></span> <span class='ocrx_word' id='word_1_345' title='bbox 2214 3834 2267 3879; x_wconf 86' lang='lat' dir='ltr'><strong>in</strong></span> <span class='ocrx_word' id='word_1_346' title='bbox 2289 3843 2404 3881; x_wconf 77' lang='lat' dir='ltr'><strong>uota</strong></span> <span class='ocrx_word' id='word_1_347' title='bbox 2425 3830 2541 3879; x_wconf 78' lang='lat' dir='ltr'><strong>mihi</strong></span> 
     </span>
     <span class='ocr_line' id='line_1_56' title="bbox 1521 3910 2545 3973; baseline -0.002 -12"><span class='ocrx_word' id='word_1_348' title='bbox 1521 3912 1717 3961; x_wconf 76' lang='lat' dir='ltr'><strong>videtur</strong></span> <span class='ocrx_word' id='word_1_349' title='bbox 1740 3910 2050 3961; x_wconf 81' lang='lat' dir='ltr'><strong>doctissimus</strong></span> <span class='ocrx_word' id='word_1_350' title='bbox 2070 3910 2145 3957; x_wconf 79' lang='lat' dir='ltr'><strong>vir</strong></span> <span class='ocrx_word' id='word_1_351' title='bbox 2165 3912 2194 3959; x_wconf 84' lang='lat' dir='ltr'><strong>J</strong></span> <span class='ocrx_word' id='word_1_352' title='bbox 2202 3912 2289 3959; x_wconf 77' lang='lat' dir='ltr'><strong>.V.</strong></span> <span class='ocrx_word' id='word_1_353' title='bbox 2312 3913 2367 3959; x_wconf 92' lang='lat' dir='ltr'><strong>L.</strong></span> <span class='ocrx_word' id='word_1_354' title='bbox 2392 3926 2545 3973; x_wconf 79' lang='lat' dir='ltr'><strong>quum</strong></span> 
     </span>
     <span class='ocr_line' id='line_1_57' title="bbox 1519 3988 2543 4054; baseline -0.004 -13"><span class='ocrx_word' id='word_1_355' title='bbox 1519 3992 1601 4041; x_wconf 81' lang='lat' dir='ltr'><strong>hic</strong></span> <span class='ocrx_word' id='word_1_356' title='bbox 1628 3992 1689 4043; x_wconf 82' lang='lat' dir='ltr'><strong>de</strong></span> <span class='ocrx_word' id='word_1_357' title='bbox 1712 3991 2029 4053; x_wconf 74' lang='lat' dir='ltr'><strong>conjunctiva</strong></span> <span class='ocrx_word' id='word_1_358' title='bbox 2054 3990 2291 4054; x_wconf 72' lang='lat' dir='ltr'><strong>particul-</strong></span> <span class='ocrx_word' id='word_1_359' title='bbox 2310 3990 2387 4038; x_wconf 79' lang='lat' dir='ltr'><strong>vel</strong></span> <span class='ocrx_word' id='word_1_360' title='bbox 2406 3988 2543 4038; x_wconf 75' lang='lat' dir='ltr'><strong>addi-</strong></span> 
     </span>
     <span class='ocr_line' id='line_1_58' title="bbox 1522 4068 2545 4133; baseline 0 -16"><span class='ocrx_word' id='word_1_361' title='bbox 1522 4082 1569 4119; x_wconf 69' lang='grc' dir='ltr'><strong>ιι</strong></span> <span class='ocrx_word' id='word_1_362' title='bbox 1598 4072 1675 4119; x_wconf 83' lang='lat' dir='ltr'><strong>vel</strong></span> <span class='ocrx_word' id='word_1_363' title='bbox 1700 4070 1889 4121; x_wconf 74' lang='lat' dir='ltr'><strong>sublsta</strong></span> <span class='ocrx_word' id='word_1_364' title='bbox 1908 4068 2048 4119; x_wconf 83' lang='lat' dir='ltr'><strong>dixit.</strong></span> <span class='ocrx_word' id='word_1_365' title='bbox 2078 4070 2143 4117; x_wconf 81' lang='lat' dir='ltr'><strong>Es</strong></span> <span class='ocrx_word' id='word_1_366' title='bbox 2171 4080 2295 4117; x_wconf 77' lang='lat' dir='ltr'><strong>esset</strong></span> <span class='ocrx_word' id='word_1_367' title='bbox 2320 4080 2370 4117; x_wconf 83' lang='lat' dir='ltr'><strong>et</strong></span> <span class='ocrx_word' id='word_1_368' title='bbox 2388 4070 2545 4133; x_wconf 85' lang='lat' dir='ltr'><strong>Quin·</strong></span> 
     </span>
    </p>
   </div>
  </div>
 </body>
</html>
