2982 4682
499 313 638 394 [μα
1183 315 1279 380 Μ.
1331 314 1406 378 T.
1462 311 1947 380 CICERONIS

501 431 629 502 sed
657 429 766 516 id,
807 429 1006 526 quod
1045 428 1302 501 salsum
1355 429 1604 518 fuerit,
1642 434 1797 501 sine
1826 431 1967 501 ulla
2008 430 2462 504 dubitatione
2492 459 2621 531 pro

501 540 713 627 salSO,
737 539 934 638 quod
957 563 1238 628 verum,
1260 567 1393 639 pro
1421 567 1595 613 vero
1624 541 1965 639 probasse
1982 539 2034 612 ⁸.
2066 543 2279 632 Quod
2314 549 2374 613 si
2408 543 2618 614 dubi-

505 652 786 736 taverit,
819 675 1116 722 summae
1141 651 1362 724 fuisse
1397 655 1758 746 amentiae,
1796 652 2013 723 dubia
2043 679 2171 751 spe
2199 653 2621 752 impulsum,

504 775 780 832 certum
819 763 894 829 in
936 762 1340 858 periculum
1377 782 1452 835 se
1489 767 1962 835 committere.
1998 763 2621 854 Quemadmodum

503 886 740 942 antem
785 888 1180 960 accusator,
1219 899 1446 970 quum
1485 873 1578 944 ab
1620 873 1769 944 aliis
1813 874 2092 971 culpam
2138 872 2621 959 demovebioe,

505 979 900 1052 defensoris
955 980 1127 1054 locis
1172 997 1417 1054 utetur
1459 1010 1476 1052 ε
1528 987 1630 1054 sic
1672 986 1757 1054 iis
1800 983 2007 1070 lociS,
2062 986 2189 1080 qui
2236 982 2621 1054 accusatori

505 1089 652 1160 dati
685 1105 886 1177 sunt,
927 1106 1177 1163 utetur
1211 1117 1412 1181 reuS,
1457 1117 1685 1189 quum
1730 1097 1803 1163 in
1855 1093 2032 1164 alios
2081 1092 2173 1163 ab
2225 1116 2300 1163 se
2356 1095 2623 1164 crimen

505 1199 704 1271 volet
742 1199 1149 1271 transferre.

604 1313 722 1377 lx.
763 1311 919 1404 (lx.)
953 1315 1058 1379 Ex
1104 1319 1410 1406 persona
1453 1327 1693 1382 autem
1731 1317 2147 1409 conjectura
2187 1315 2542 1410 capietur,
2568 1313 2627 1381 si

511 1443 611 1489 eae
645 1443 793 1506 res,
827 1443 989 1514 quae
1030 1427 1361 1518 personis
1395 1422 1753 1511 attributae
1790 1437 1992 1506 sunt,
2038 1422 2417 1519 diligenter
2448 1445 2627 1490 con-

511 1527 1230 1626 siderabuntur,quas
1259 1536 1609 1602 omnesin
1630 1534 1863 1629 primo
1886 1531 2070 1602 libro
2100 1534 2623 1628 exposuimus¹.

511 1642 691 1708 Nam
725 1653 796 1709 et
831 1639 922 1710 de
956 1643 1251 1712 nomine
1297 1655 1849 1738 nonnumquam
1894 1641 2164 1738 aliquid
2206 1641 2627 1737 suspicionis

513 1749 850 1818 nascitur.
907 1752 1190 1820 Nomen
1244 1765 1484 1822 autem
1531 1776 1758 1848 quum
1824 1749 2165 1835 dicimus,
2226 1774 2625 1846 cognomen

515 1881 811 1953 quoque
827 1871 856 1902 ²
884 1861 1326 1958 intelligatur
1349 1876 1657 1958 oportet.
1682 1866 1791 1931 De
1813 1861 2127 1930 hominis
2154 1862 2345 1931 enim
2372 1856 2401 1902 ³
2436 1873 2629 1930 certo

517 1979 590 2036 et
634 1971 930 2065 proprio
971 1970 1324 2042 vocabulo
1358 1974 1591 2068 agitur
1630 1999 1645 2040 ε
1686 1986 1767 2041 ut
1798 1971 1857 2040 si
1898 1969 2254 2066 dicamus,
2288 1999 2323 2034 α
2354 1968 2628 2040 Idcirco

587 2216 636 2262 8.
656 2215 768 2262 Non
789 2233 1062 2266 eoncessum
1085 2217 1171 2267 iri.
1195 2255 1208 2267 .
1231 2255 1242 2266 .
1283 2235 1378 2284 pm
1411 2235 1535 2267 vero

509 2294 760 2361 probasse.
803 2296 1056 2347 Sebiitzius
1089 2298 1296 2364 plurim
1326 2299 1535 2348 mutavit

517 2376 566 2421 in
613 2376 663 2423 h.
703 2376 736 2424 l.
775 2378 1015 2441 Primum,
1048 2380 1234 2442 inquit,
1267 2380 1534 2427 semicolon

517 2468 632 2519 post
661 2474 936 2505 concessum
961 2458 1024 2506 iri
1056 2460 1238 2507 mutavi
1281 2461 1332 2506 in
1361 2459 1536 2517 colom

519 2550 628 2582 unm
664 2536 822 2595 illud,
858 2538 992 2601 quod
1017 2549 1222 2602 negatur
1248 2554 1534 2586 eoncessum

519 2613 607 2671 iri,
629 2630 730 2663 non
757 2626 828 2663 est
853 2612 906 2664 in
921 2616 1275 2680 superioribus,
1294 2618 1379 2665 sed
1401 2618 1454 2665 in
1474 2618 1537 2665 iis

519 2710 630 2756 (με
656 2696 882 2757 proxime
917 2708 1196 2759 sequuntur.
1231 2696 1419 2744 Deinde
1444 2712 1535 2760 pro

519 2794 546 2813 ιι
565 2773 668 2832 ejus
688 2774 812 2834 juris
837 2796 882 2833 ιι,
903 2776 1036 2839 quod
1065 2776 1116 2825 h.
1142 2776 1178 2824 l.
1211 2792 1404 2824 sensum
1431 2792 1538 2823 non

518 2850 762 2913 admittit,
793 2854 967 2919 seripsi
997 2854 1199 2913 verim,-
1228 2866 1279 2903 et
1300 2854 1536 2919 glossema

519 2930 740 2994 ineptum
761 2952 786 2974 c·
803 2948 900 2996 pro
929 2933 1052 2981 hiso
1069 2967 1086 2991 ,
1119 2934 1258 2998 quod
1299 2950 1536 2991 verum»,

521 3010 660 3071 quod
683 3020 834 3058 totum
854 3012 1154 3069 senteutiam,
1173 3028 1282 3075 qun
1301 3013 1539 3075 sequitur,

523 3089 756 3151 pervertit
773 3123 788 3148 ,
819 3090 1054 3155 expunxi.
1095 3093 1166 3137 Its
1207 3093 1372 3139 omnis
1399 3090 1539 3139 facile

519 3168 840 3231 explicantur.
903 3170 954 3217 Si
1012 3180 1262 3217 aecusator
1323 3169 1505 3219 dixerit
1524 3205 1538 3229 ,

522 3262 657 3293 reum
693 3246 744 3294 id
781 3264 884 3295 esse
922 3258 1207 3311 sequutum,
1239 3248 1374 3313 qnod
1399 3250 1444 3297 ei
1467 3250 1541 3296 vi-

523 3340 630 3372 sum
666 3326 730 3372 sit
771 3326 1110 3386 commodum,
1141 3337 1225 3376 sut
1254 3327 1307 3374 id
1338 3328 1541 3391 fugisse,

521 3404 658 3468 quod
709 3408 952 3470 putaverit
993 3421 1094 3453 esse
1141 3406 1509 3455 incommodum
1525 3442 1539 3465 ‚

525 3500 814 3549 qmmqusm
845 3486 896 3531 ἰη
919 3480 1072 3549 salsa
1100 3486 1242 3533 fuerit
1273 3484 1503 3548 opinione
1521 3503 1542 3543 ‚-

525 3564 956 3613 demonstrandum
979 3566 1074 3612 erit
1097 3564 1367 3623 defensori,
1387 3566 1542 3615 nemi·

525 3662 636 3693 nem
663 3656 792 3693 tants
813 3660 914 3691 esse
935 3644 1168 3704 stultitia,
1193 3646 1279 3708 qui
1305 3644 1390 3691 tsli
1413 3644 1466 3691 in
1490 3660 1543 3691 re

525 3726 680 3789 possit
707 3724 956 3771 veritatem
983 3724 1222 3786 ignorare.
1253 3722 1402 3786 Quod
1423 3722 1466 3769 si
1491 3722 1544 3770 id

525 3805 834 3885 concedatur⁸
853 3805 878 3868 (
887 3804 1094 3867 alique-
1119 3818 1262 3867 posse
1286 3805 1339 3850 in
1359 3802 1436 3848 bis
1455 3818 1538 3849 ve-

525 3885 713 3931 ritatem
745 3884 966 3948 {gnome
981 3882 1027 3945 )‚
1048 3882 1169 3929 illud
1188 3880 1352 3946 (quod
1376 3884 1540 3944 sequi-

529 3962 646 4027 tur)
671 3978 772 4009 non
799 3978 1080 4009 eoncessum
1103 3959 1186 4018 iri,
1209 3948 1271 4007 ne
1295 3958 1541 4007 dubitasse

525 4040 720 4101 quidem
757 4040 917 4097 bunc,
945 4040 1066 4103 quid
1091 4040 1250 4088 verius
1279 4038 1302 4104 (
1317 4054 1541 4086 commo-

1624 2217 1768 2281 dum)
1810 2217 1981 2277 fuerit,
2022 2218 2107 2266 sed
2148 2217 2200 2265 id
2216 2251 2230 2275 ,
2274 2217 2411 2280 quod
2462 2215 2631 2264 salsum

1622 2299 1794 2357 fuerit,
1818 2298 1921 2346 sine
1950 2297 2047 2347 ulls
2084 2297 2387 2345 dubitatione
2412 2310 2501 2360 pro
2518 2310 2633 2343 vero

1622 2376 1869 2443 probasse.
1895 2378 2049 2439 Quod
2074 2378 2115 2424 si
2138 2374 2359 2441 (autem)
2384 2374 2634 2423 dubitave-

1624 2459 1687 2505 rit
1702 2492 1717 2515 ,
1762 2474 1960 2504 summm
2002 2458 2150 2504 fuisse
2193 2454 2440 2511 amentiae,
2488 2452 2633 2500 dubis

1622 2552 1709 2599 spe
1727 2536 1987 2599 impulsum
2008 2546 2197 2583 certum
2212 2536 2263 2581 in
2288 2532 2559 2598 perieulum
2583 2546 2635 2578 se

1625 2616 1942 2663 committere.
1966 2614 2087 2665 Sca.

1695 2708 1749 2755 9.
1774 2692 2063 2741 Demonbit.
2083 2692 2163 2740 Sic
2186 2691 2447 2739 rectissime
2472 2692 2567 2737 Gu.
2590 2705 2635 2748 ι,

1622 2788 1717 2837 pro
1739 2772 1938 2837 vulg-to
1965 2770 2238 2819 dimovebit.
2264 2772 2406 2818 Orat.
2434 2770 2539 2827 111,
2573 2770 2601 2816 5
2624 2784 2641 2817 ε

1627 2872 1650 2894 ι
1670 2850 1839 2899 odium
1858 2848 2120 2901 demovere
2137 2849 2203 2900 sb
2226 2849 2399 2914 aliquo
2418 2870 2457 2897 ιι.
2484 2848 2633 2895 Dea.

1629 2930 1694 2978 26
1710 2964 1728 2990 ,
1752 2952 1778 2971 κ
1796 2930 2079 2978 demovetur
2106 2928 2241 2977 lebes
2270 2944 2299 2975 ι
2330 2942 2436 2992 rep.
2459 2949 2485 2968 ιι
2512 2928 2635 2974 Eu.

1626 3036 1697 3046 —
1718 3010 1951 3057 Similiter
1968 3010 2093 3056 infra
2117 3024 2228 3071 esp.
2266 3022 2330 3070 ²9
2350 3017 2397 3055 et
2422 3008 2508 3053 30.

1700 3090 1791 3138 tx.
1826 3106 1869 3139 ι.
1907 3087 2250 3149 Ε-ηιοεηὶηιω.
2284 3087 2404 3150 Cap.
2440 3092 2535 3140 24,
2570 3084 2637 3130 25

1628 3166 1742 3215 libri
1757 3167 1918 3231 prinfi.
1944 3169 2119 3215 Wrrs.

1704 3264 1754 3297 2.
1778 3248 2059 3312 cognomen
2094 3260 2304 3307 qnoque.
2345 3242 2563 3291 Additur
2595 3252 2641 3286 et

1626 3342 1868 3391 agnomen
1909 3325 2022 3374 eod.
2060 3324 2210 3372 Grev.
2246 3322 2348 3370 Pal.
2380 3337 2427 3382 1,
2464 3320 2640 3367 Altorl'.

1628 3404 1728 3453 Sed
1761 3420 1930 3453 vereor
1972 3421 2032 3453 ne
2066 3404 2164 3451 hoe
2199 3419 2226 3450 s
2262 3402 2530 3467 glossatore
2560 3398 2640 3446 sit.

1628 3486 1784 3532 Immo
1822 3494 1923 3532 tots
1951 3480 2079 3551 ῥήσει
2099 3496 2336 3530 nomen...
2362 3488 2553 3543 oportet
2569 3478 2638 3524 Γι-

1628 3563 1721 3610 eile
1746 3562 2043 3610 carebamus.
2074 3564 2189 3610 Sca.
2208 3558 2484 3606 —lelem.
2508 3554 2643 3604 addit

1632 3652 1679 3688 ee
1696 3656 1954 3705 agnomen.

1706 3722 1757 3767 3.
1788 3720 1863 3766 De
1879 3718 2087 3767 home'm's
2109 3718 2235 3766 enim
2268 3728 2401 3763 certo
2436 3724 2487 3761 et
2510 3730 2564 3777 p.
2586 3728 2641 3759 v.

1634 3800 1816 3866 agitur.
1837 3794 2093 3847 Schiitzius
2108 3798 2189 3844 «eit
2204 3812 2257 3843 se
2275 3795 2383 3843 hac
2410 3792 2574 3849 verbs,
2592 3802 2647 3837 ut

1634 3880 1939 3927 :nanifestam
1952 3876 2093 3924 scioli
2114 3875 2320 3940 alicujus
2335 3872 2569 3920 emblema
2584 3884 2647 3916 ex

1632 3962 1740 4007 Inv.
1758 3962 1781 4005 1
1796 3994 1813 4018 ,
1832 3966 1899 4015 24
1915 3992 1929 4015 ‚
1952 3957 2355 4012 consarcinatum,
2384 3950 2617 3999 delevisse
2632 3984 2649 3995 .

1628 4036 1757 4085 illius
1782 4048 1943 4085 tamen
1964 4037 2016 4083 iu
2044 4044 2281 4083 contextu
2305 4038 2557 4095 apparent.
