2982 4682
428 309 567 397 584
1112 312 1207 381 Μ.
1261 314 1337 379 T.
1391 286 1876 381 clemoms

427 434 536 504 dit
550 429 606 515 ³,
636 456 719 503 ac
752 444 1088 529 putatum
1125 433 1248 513 sit;
1286 432 1776 527 permotione,
1811 452 2040 539 quum
2079 442 2206 499 aut
2238 428 2558 517 oblivio,

430 557 557 613 aut
590 565 818 629 error,
850 554 978 612 aut
1010 555 1279 628 metus,
1313 556 1437 612 aut
1464 540 1702 638 aliqua
1731 540 2140 638 cupiditatis
2161 564 2375 611 causa
2399 564 2558 639 per—

430 652 678 723 movit.
727 658 849 723 Est
887 653 1097 721 etiam
1144 653 1220 720 in
1266 650 1752 749 imprudentia
1783 650 2166 721 necessitas
2201 650 2552 748 ponenda.

428 765 697 833 Rerum
728 777 968 833 autem
1006 760 1365 831 honarum
1402 775 1477 831 et
1509 760 1858 831 malarum
1884 763 2020 830 tria
2052 775 2225 830 sunt
2251 782 2554 857 genera:

428 894 599 943 nam
626 886 746 942 aut
778 872 855 941 in
892 873 1181 957 animi5‚
1225 885 1349 942 aut
1388 872 1463 942 in
1515 869 1980 969 corporibus,
2011 883 2137 941 aut
2167 884 2366 941 extra
2399 894 2554 941 esse

426 997 753 1080 possunt.
798 983 1027 1077 Hujus
1072 982 1287 1079 igitur
1318 982 1667 1065 materiae,
1709 979 1797 1050 ad
1837 993 2341 1076 argumentum
2379 976 2554 1051 sub-

424 1092 673 1187 jectan,
732 1092 1249 1191 perlustrandae
1304 1094 1548 1163 animo
1588 1104 1827 1189 partes
1879 1104 2095 1160 erunt
2145 1112 2429 1176 omnm,
2483 1102 2556 1159 et

431 1203 521 1273 ad
556 1203 661 1290 id,
696 1203 897 1301 quod
936 1218 1213 1301 agetur,
1242 1227 1330 1273 ex
1360 1201 1662 1299 singulis
1693 1201 2104 1296 conjectura
2137 1198 2504 1297 capienda.

532 1316 658 1383 Est
686 1314 897 1383 etiam
924 1336 1151 1409 genus
1180 1325 1770 1409 argumentorum
1797 1310 1988 1381 aliud
2015 1364 2034 1399 ,
2061 1308 2264 1407 quod
2284 1335 2373 1381 ex
2395 1308 2556 1381 facti

432 1422 747 1519 vestigiis
808 1422 1140 1505 sumitur,
1181 1434 1263 1491 ut
1313 1419 1569 1511 telum,
1618 1444 1871 1505 cruor,
1917 1420 2187 1492 clamor
2241 1419 2472 1492 editus
2489 1419 2552 1505 4,

436 1528 812 1615 titubatio,
860 1532 1296 1626 permutatio
1336 1529 1632 1614 coloris,
1672 1533 1902 1601 oratio
1933 1533 2386 1615 inconstanS‚
2416 1546 2556 1601 tre-

428 1662 613 1727 mor,
668 1652 739 1709 et
778 1663 1033 1709 eorum
1087 1638 1398 1736 aliquid,
1450 1640 1653 1737 quod
1703 1664 1922 1713 sensu
1966 1642 2242 1739 percipi
2291 1646 2554 1738 possit:

432 1750 643 1819 etiam
679 1750 737 1819 si
774 1764 1249 1848 praeparatum
1288 1750 1597 1848 aliquid,
1639 1755 1696 1822 si
1741 1754 2354 1823 communicatum
2391 1776 2556 1822 cum

436 1856 717 1953 aliquo,
754 1860 812 1929 si
844 1875 1092 1958 postea
1120 1863 1393 1950 visum,
1431 1860 1792 1949 auditum,
1829 1861 2244 1933 indicatum.

528 1970 953 2041 Verisimilia
990 1986 1229 2043 autem
1280 1971 1538 2067 partim
1585 1970 1866 2069 singula
1896 1985 2191 2043 movent
2211 1994 2342 2041 suo
2375 1994 2558 2068 pon—

436 2076 644 2163 dere;
692 2079 987 2175 partim,
1040 2077 1364 2151 etiamsi⁵
1411 2078 1747 2150 videntur
1781 2104 1935 2151 esse
1979 2080 2233 2178 exigua
2277 2103 2403 2177 per
2439 2104 2556 2164 se,

438 2188 753 2259 multum
792 2202 1068 2278 tamen,
1122 2214 1349 2286 quum
1393 2205 1566 2261 sunt
1609 2207 2062 2278 coacervata,
2125 2188 2556 2288 proficiunt:

440 2311 661 2396 atque
696 2300 771 2370 in
796 2299 907 2371 his
933 2299 1435 2373 verisimilibus
1473 2305 1723 2374 insunt
1765 2324 2316 2398 nonnumquam
2349 2302 2560 2373 etiam

442 2423 653 2480 certae
690 2433 934 2480 rerum
978 2423 1051 2481 et
1094 2411 1403 2508 propria.-
1452 2425 1662 2481 notae.
1707 2412 2086 2482 Maximam
2125 2425 2362 2482 autem
2397 2406 2560 2480 facit

434 2515 655 2589 fidem
723 2517 813 2590 ad
876 2518 1415 2592 similitudinem
1474 2523 1662 2610 veri,
1729 2524 2046 2617 primum
2113 2520 2561 2618 exemplum3

438 2625 705 2699 deinde
737 2629 1154 2701 introducta
1188 2632 1291 2702 rei
1340 2630 1774 2720 similitud03
1828 2627 2070 2703 fabula
2111 2632 2328 2702 etiam
2373 2654 2558 2700 non-

440 2760 842 2834 numquam
865 2795 885 2828 ,
958 2741 1090 2810 etsi
1160 2737 1318 2810 est⁶
1386 2739 1862 2830 incredibilis,
1931 2756 2170 2814 tamen
2233 2739 2564 2814 homines

441 2863 878 2920 commovet.

531 2962 685 3027 XII.
713 2957 874 3054 (ιιι.)
903 2961 980 3029 C.
1013 2963 1087 3029 F.
1126 2959 1361 3050 Quid?
1392 2960 1836 3033 definitionis
1865 2987 2028 3059 quae
2055 2959 2238 3031 ratio
2277 2967 2452 3048 est¹‚
2489 2974 2564 3030 et

434 3091 595 3164 quae
636 3069 794 3138 via?
822 3111 915 3124 -—
946 3075 1021 3140 C.
1059 3074 1136 3139 P.
1174 3073 1338 3142 Non
1376 3070 1682 3142 dubium
1727 3085 1835 3144 est
1870 3070 1944 3141 id
1988 3070 2284 3167 quidem
2307 3126 2327 3160 ‚
2385 3070 2564 3168 quin

436 3174 767 3249 definitio
817 3201 1079 3276 genere
1135 3178 1576 3270 declaretur,
1630 3198 1701 3254 et
1741 3185 2180 3280 proprietate
2217 3181 2562 3278 quadam,

434 3300 558 3357 aut
600 3291 811 3359 etiam
850 3291 1349 3360 communium
1405 3289 1851 3388 frequentia,
1897 3316 1984 3361 ex
2030 3288 2339 3388 quibus,
2394 3313 2563 3387 pro-

436 3398 677 3495 prium
706 3399 881 3496 quid
921 3403 1048 3490 sit,
1074 3399 1375 3472 eluceat.
1413 3401 1552 3472 Sed
1581 3403 1925 3498 quoniam
1963 3401 2052 3471 de
2091 3401 2402 3499 propriis
2428 3403 2566 3471 ori-

434 3521 556 3578 tur
582 3509 1013 3608 plerumque
1041 3535 1298 3608 magna
1316 3511 1668 3584 dissensio
1685 3565 1704 3599 ,
1730 3510 2224 3583 definiendum
2243 3525 2354 3584 est
2377 3535 2565 3608 saepe

504 3661 558 3709 3.
587 3661 939 3712 Alieercecidic.
965 3665 1047 3712 Sic
1073 3665 1150 3713 ed.
1170 3665 1295 3714 Ven.
1316 3664 1453 3729 quod
1617 3667 1664 3714 5.
1691 3665 1894 3713 Etiamsi
1919 3663 2026 3716 vid.
2061 3663 2259 3712 Lenem.
2294 3663 2342 3710 si
2367 3661 2472 3711 vid.
2495 3688 2568 3698 ——

436 3749 509 3787 est
542 3741 737 3799 melius,
781 3759 927 3806 quam
968 3744 1215 3808 vulgatum
1254 3745 1453 3794 accidie.
1543 3743 1832 3792 Similitudo.
1858 3745 1936 3795 Cf.
1959 3747 2066 3793 Inv.
2089 3747 2138 3804 1,
2161 3743 2251 3803 303
2269 3743 2466 3807 Top.3‚
2487 3756 2572 3794 ιο,

440 3817 563 3865 Mox
594 3819 761 3867 eadem
799 3837 889 3886 pro
907 3823 1141 3886 ponenda
1167 3822 1315 3872 habet
1329 3839 1455 3886 pon·
1615 3823 1665 3872 6.
1693 3822 1804 3872 Etsi
1831 3835 1906 3871 ese
1940 3823 2062 3872 incr.
2096 3823 2176 3870 Sic
2215 3833 2344 3870 reete
2379 3822 2469 3870 Ms
2507 3821 2574 3869 E.

434 3895 673 3946 det-anda.
695 3899 825 3948 Ean.
848 3927 916 3937 —-
944 3903 1004 3948 In
1032 3901 1172 3966 impr.
1194 3901 1457 3950 necessitas
1546 3902 1710 3966 Vulgo
1737 3901 1816 3952 sie.
1837 3903 1963 3950 Eut.

433 3976 680 4036 ponenda.
709 3978 786 4026 Cf.
806 3981 914 4028 Iuv.
939 3983 985 4041 1,
1009 3997 1097 4044 ²7-
1616 3985 1734 4032 ΧΠ.
1771 3999 1813 4032 ι.
1837 3981 1952 4046 Dff.
1983 3999 2096 4046 quoe
2120 3979 2249 4028 racio
2277 3992 2368 4030 ese.
2393 3979 2472 4030 Cf.
2506 3979 2574 4030 do

507 4056 555 4105 4.
579 4053 767 4103 Editus.
792 4057 885 4107 Ed.
904 4061 1033 4110 Ven.
1055 4060 1215 4110 Guels.
1238 4061 1454 4112 auditus.
1547 4065 1654 4112 lav,
1677 4065 1726 4112 11
1742 4098 1756 4124 ‚
1777 4063 1872 4126 51⁶2
1895 4063 2022 4128 Top·
2045 4077 2129 4120 2¹,
2159 4075 2244 4108 ²²·
