2982 4682
486 298 627 373 556
1160 300 1258 369 M.
1308 304 1390 371 Τ.
1436 302 1929 375 CICERONIS

482 439 567 497 et·
602 423 830 495 altero
870 420 1183 495 diximus
1216 450 1233 493 ε
1273 424 1475 520 quod
1515 450 1744 522 genus
1779 424 2018 499 forma
2061 422 2386 522 quaedam
2434 420 2614 492 defi-

485 532 787 603 nitionis
816 548 949 604 est.
986 536 1057 603 Si
1086 535 1283 604 enim
1312 550 1700 630 quaeratur,
1736 534 2082 606 «Idemne
2109 537 2200 605 sit
2229 534 2609 631 pertinacia

484 656 561 715 et
588 645 1157 749 perseyerantia»
1174 698 1195 725 .,
1224 643 1774 717 definitionibus
1784 644 2260 740 judicandum
2289 658 2418 715 est.
2443 644 2606 713 Loci

478 766 721 823 autem
754 754 1189 823 convenient
1224 754 1299 823 in
1345 756 1500 850 ejus
1535 757 1818 852 generis
1855 756 2326 851 quaestionem
2357 775 2602 823 conse·

479 876 830 961 quentes‚
860 862 1401 950 antecedente3‚
1440 879 1966 962 repugnanteS‚
2001 862 2360 960 adjunctis
2397 860 2600 931 etiam

476 970 767 1045 duobus
808 975 927 1061 iis,
980 975 1109 1070 qui
1146 988 1536 1045 sumuntur
1575 998 1665 1045 ex
1715 975 1949 1045 causis
1985 988 2057 1045 et
2093 970 2388 1044 effectis.
2431 972 2610 1039 Nam

476 1084 535 1155 si
572 1082 761 1155 hanc
795 1109 949 1156 rem
990 1084 1109 1155 ina
1144 1086 1498 1183 sequitur,
1543 1084 1732 1158 hanc
1771 1098 2014 1155 autem
2059 1107 2210 1152 non
2249 1080 2604 1177 sequitur;

479 1208 605 1265 aut
634 1195 693 1264 si
724 1192 895 1265 huic
928 1195 1033 1264 rei
1070 1193 1188 1264 illa
1224 1194 1626 1280 antecedit,
1663 1194 1836 1266 huic
1875 1219 2026 1264 non
2062 1189 2457 1275 antecedit3
2487 1204 2604 1257 aut

480 1302 541 1373 si
578 1300 749 1373 huic
791 1304 899 1374 rei
933 1319 1325 1400 repugnat,
1367 1301 1467 1387 ilii
1520 1328 1670 1375 non
1715 1318 2106 1401 repugnat3
2143 1315 2268 1373 aut
2303 1301 2362 1369 si
2397 1297 2610 1391 hujus

477 1414 585 1485 rei
621 1412 805 1500 haec,
852 1411 1041 1481 illius
1078 1413 1215 1483 alia
1252 1437 1467 1483 causa
1521 1427 1664 1501 est;
1705 1429 1833 1485 aut
1875 1418 1934 1485 si
1975 1439 2064 1487 ex
2103 1414 2242 1484 alio
2291 1410 2470 1496 hoc,
2523 1434 2607 1489 ext

483 1522 627 1595 alio
660 1520 839 1591 illud
874 1518 1211 1593 effectum
1254 1537 1363 1593 est
1402 1551 1417 1593 ε
1455 1549 1546 1593 ex
1581 1524 1841 1619 quovis
1883 1522 2144 1595 horum
2187 1520 2296 1607 id,
2331 1518 2422 1590 de
2465 1542 2620 1614 quo,

414 1706 425 1721 ,
482 1632 854 1730 quaeritur,
874 1628 1198 1717 idemne,
1222 1656 1315 1703 an
1340 1632 1534 1703 aliud
1579 1639 1707 1719 sit,
1730 1634 2034 1705 inveniri
2069 1646 2331 1731 potest.
2359 1626 2606 1724 (xxm.)

482 1740 591 1813 Ad
620 1742 909 1811 tertium
937 1765 1166 1837 genus
1193 1744 1648 1838 quaestionis,
1684 1746 1762 1814 in
1795 1769 1944 1841 quo
1967 1798 1987 1830 ,
2024 1742 2238 1840 quale
2265 1744 2396 1827 sit,
2424 1766 2616 1839 quae-

480 1854 685 1931 titur,
717 1851 794 1920 iu
838 1855 1457 1949 comparationem
1493 1878 1574 1925 ea
1607 1854 1905 1938 cadunt,
1953 1877 2116 1951 quae
2161 1850 2407 1949 paullo
2447 1864 2604 1921 ante

484 1962 561 2031 in
598 1963 1151 2058 comparationis
1188 1962 1350 2034 ioco
1376 1979 1796 2037 enumerata
1823 1978 2012 2035 sunt.
2040 1968 2123 2035 In
2166 1960 2344 2032 illud
2372 1975 2620 2031 autem.

480 2092 751 2167 genus,
796 2073 871 2140 in
919 2096 1071 2167 quo
1114 2071 1205 2143 de
1249 2073 1659 2170 expetendo
1704 2073 2196 2171 fugiendoque
2252 2073 2610 2170 quaeritur,

483 2178 923 2251 adhibentur
960 2204 1041 2251 ea
1062 2235 1082 2268 ‚
1123 2207 1284 2279 quae
1312 2197 1483 2254 sunt
1504 2198 1631 2256 aut
1667 2188 1932 2271 animi,
1960 2198 2085 2254 aut
2111 2181 2467 2279 corporis,
2492 2192 2610 2249 aut

486 2304 780 2362 externa
804 2290 909 2362 vei
939 2292 1318 2364 commoda
1337 2347 1356 2380 ‚
1381 2292 1498 2366 vel
1515 2292 1996 2366 incommoda.
2027 2295 2360 2390 Itemque
2384 2311 2602 2387 quum

487 2399 577 2472 de
623 2400 933 2474 honesto
984 2404 1327 2500 turpique
1376 2407 1762 2501 quaeritur,
1803 2403 1897 2474 ad
1945 2403 2168 2474 animi
2221 2399 2458 2486 bona,
2501 2395 2610 2466 vel

484 2510 709 2598 mala,
756 2515 993 2582 omnis
1048 2511 1422 2609 dirigenda
1475 2515 1712 2584 oratio
1767 2529 1892 2585 est.
1940 2515 2184 2604 Quum
2231 2522 2472 2580 autem
2521 2503 2612 2574 de

485 2644 695 2716 aequo
738 2635 809 2691 et
846 2623 1104 2718 iniquo
1143 2622 1536 2710 disseritur,
1575 2623 1930 2720 aequitatis
1977 2623 2111 2694 loci
2159 2619 2606 2716 colliguntur.

484 2731 575 2800 Hi
597 2745 999 2801 cernuntur
1027 2729 1401 2829 bipartito,
1431 2747 1505 2802 et
1543 2748 1827 2817 natura,
1856 2745 1928 2803 et
1963 2731 2319 2801 instituto.
2348 2729 2612 2796 Natura

487 2854 728 2935 partes
774 2838 996 2910 habet
1035 2839 1255 2926 duem,
1316 2843 1696 2912 tuitionem
1737 2843 1887 2929 sui,
1923 2855 1996 2912 et
2032 2833 2429 2910 ulciscendi
2471 2835 2605 2929 jus,

480 2949 894 3019 Institutio⁹
952 2964 1201 3030 autem.
1247 2952 1598 3047 aequitatis
1658 2952 2012 3048 tripartita
2054 2964 2162 3020 est
2199 2973 2216 3016 ε
2267 2969 2412 3016 una
2458 2965 2612 3041 pars

489 3057 803 3152 legitima
821 3053 859 3154 ³·
876 3072 1017 3147 est,
1036 3060 1258 3130 altera
1281 3062 1754 3148 conveniens,
1788 3061 1999 3131 tertia
2021 3059 2240 3129 moris
2271 3065 2612 3125 vetustate

492 3165 939 3238 confirmata.
976 3173 1214 3266 Atque
1250 3172 1463 3240 etiam
1505 3194 1752 3266 rursus
1786 3172 2082 3267 aequitas
2119 3165 2472 3262 tripartita
2509 3157 2607 3229 di-

492 3277 683 3348 citur
736 3300 888 3348 esse
938 3303 954 3346 ε
995 3302 1141 3348 una
1176 3278 1265 3348 ad
1316 3303 1620 3377 superos
1673 3278 1881 3367 deos,
1941 3278 2166 3350 altera
2203 3272 2292 3349 ad
2331 3291 2567 3348 manes
2591 3321 2614 3353 ‚

490 3390 704 3458 tertia
754 3385 844 3456 ad
901 3385 1229 3461 homines
1276 3389 1656 3485 pertinere.
1709 3390 1944 3461 Prima
1999 3388 2257 3486 pietas,
2311 3375 2618 3454 secunda

436 3535 445 3542 ·
494 3497 827 3569 sanctitas
845 3499 901 3586 ⁴,
939 3501 1147 3570 tertia
1182 3499 1451 3594 justitia
1486 3512 1612 3570 aut
1653 3503 1953 3596 aequitas
1987 3498 2402 3568 nominatur
2421 3480 2472 3559 ⁵.

566 3707 617 3742 a.
645 3691 889 3742 Institutio
915 3704 1072 3742 autem
1092 3709 1186 3757 oeq.
1210 3691 1404 3758 tripart.
1431 3706 1516 3742 est.
1605 3690 1692 3750 tis,
1717 3689 1862 3738 tertia
1886 3680 2240 3734 consuetudine
2263 3678 2461 3764 antiqua
2484 3689 2602 3722 eon·

499 3769 759 3822 Schiitzins
774 3771 859 3820 dat
875 3787 890 3821 τ
904 3771 1176 3821 «instituto
1190 3783 1349 3820 nutem
1368 3773 1518 3838 equi-
1605 3779 1718 3818 stat.
1737 3769 1808 3816 P·
1817 3781 1928 3814 uu.

496 3863 571 3902 tas
596 3853 719 3918 trip.
746 3865 821 3902 eat
838 3875 880 3902 ιι.
1679 3857 1728 3906 4.
1748 3843 2008 3894 Sanctitas.
2035 3840 2126 3890 Ms
2147 3837 2293 3886 habet
2319 3835 2536 3883 lacunam
2561 3829 2614 3875 in

568 3931 617 3979 3.
651 3933 761 3980 Una
788 3947 909 3998 pars
936 3930 1168 3997 legitima.
1190 3934 1282 3982 Jus
1316 3930 1516 3980 instita·
1605 3929 1702 3978 hoc
1721 3923 1888 3974 verbo.
1911 3925 2048 3972 Ean.

471 4066 476 4073 ἕ
498 4017 603 4054 tum
628 4019 723 4057 tre·
754 4009 807 4058 in
842 4021 1003 4075 parte·
1037 4011 1345 4060 distribuitur
1376 4026 1390 4059 ε
1420 4026 1518 4058 una
1680 4006 1731 4054 5.
1753 4003 2062 4054 Nominatum
2086 4001 2258 4047 Totam
2277 3995 2405 4043 hane
2425 3999 2613 4040 senten·

498 4097 609 4145 Pn’
639 4085 853 4148 ¹⁶83b¹182
874 4087 1019 4135 ⁸¹⁸²st
1042 4091 1198 4152 pactis
1224 4099 1275 4140 et
1303 4104 1517 4137 conven-
1609 4087 1724 4135 tiam
1752 4100 1779 4132 ι
1806 4079 1964 4130 verbio
2001 4101 2025 4121 α
2047 4089 2196 4142 atqne
2233 4076 2374 4124 etiam
2410 4079 2564 4118 mnu}
2585 4083 2620 4124 ⁸,
