2982 4682
1624 199 1651 238 X

542 322 681 396 508
1218 324 1313 395 Μ.
1366 328 1443 395 Τ.
1499 326 1982 399 CICERONIS

540 447 961 519 honestatis.
1010 449 1117 518 Ita
1154 450 1229 519 in
1279 448 1634 546 ejusmodi
1670 472 1970 545 quoque
2013 472 2134 533 re,
2191 472 2418 545 quum
2463 450 2661 519 inco-

540 556 851 628 lumitati
881 556 1290 627 videbimur
1324 558 1738 642 consulere,
1771 580 1937 629 vere
1973 558 2372 655 poterimus
2405 558 2664 645 dicere,

540 691 677 737 nos
710 665 1107 737 honestatis
1152 654 1505 739 rationem
1547 666 1850 753 habere,
1890 670 2230 762 quoniam
2269 669 2422 737 sine
2464 672 2660 738 inco-

542 776 869 849 lumitate
905 802 1061 848 eam
1106 777 1307 848 nullo
1345 793 1674 875 tempore
1719 800 2100 872 possumus
2144 776 2460 873 adipisci.
2503 779 2664 867 Qua

542 894 617 963 in
652 916 730 963 re
762 892 875 963 vel
906 892 1303 963 concedere
1326 891 1568 978 alteri,
1602 890 1712 961 vel
1747 889 1833 961 ad
1859 892 2350 962 conditionem
2379 892 2666 961 alterius

540 1000 977 1073 descendere
1006 1055 1025 1087 ,
1063 1001 1177 1073 vel
1210 1005 1335 1072 in²
1374 1003 1744 1101 praesentia
1785 1002 2184 1098 quiescere,
2221 1017 2439 1098 atque
2475 1000 2669 1073 aliud

538 1124 825 1208 tempus
860 1126 1271 1208 exspectare
1316 1110 1708 1209 oportebit.
1753 1116 1836 1180 In
1881 1108 2452 1182 commoditatis3
2495 1136 2665 1182 vero

545 1224 862 1310 ratione,
894 1223 1115 1293 modo
1147 1220 1325 1293 illud
1354 1220 1804 1307 attendatur,
1836 1219 2148 1318 dignane
2185 1246 2394 1293 causa
2433 1221 2666 1291 videa·

548 1347 670 1403 tur
716 1357 831 1417 ea,
887 1358 1045 1429 quae
1099 1332 1189 1403 ad
1232 1332 1610 1403 utilitatem
1657 1330 2086 1431 pertinebit,
2123 1331 2349 1429 quar‘e
2409 1346 2532 1401 aut
2579 1332 2672 1401 de

548 1439 1111 1539 magnificentia,
1142 1456 1266 1512 aut
1315 1439 1404 1512 de
1446 1441 1822 1513 honestate
1873 1441 2212 1536 quiddam
2260 1441 2664 1537 derogetur.

548 1540 785 1648 Atque
837 1552 911 1621 in
956 1550 1097 1621 hoc
1139 1550 1303 1623 loco
1342 1551 1515 1621 mihi
1563 1548 1778 1648 ‘caput
1821 1550 2002 1622 illud
2035 1551 2320 1623 videtur
2361 1576 2549 1638 esse,
2591 1566 2673 1622 ut

547 1684 987 1759 quaeramuS,
1032 1660 1207 1757 quid
1244 1663 1336 1733 sit
1374 1659 1553 1732 illud
1576 1714 1594 1748 ,
1635 1660 1834 1757 quod
1871 1665 1928 1731 si
1967 1661 2294 1759 adipisci,
2334 1676 2462 1732 aut
2499 1660 2680 1733 essu-

548 1797 717 1869 gere
748 1772 1046 1843 velimus
1067 1827 1086 1859 ‚
1124 1772 1362 1870 aliqua
1394 1798 1508 1843 res
1547 1770 1754 1843 nobis
1784 1774 1873 1842 sit
1905 1775 2337 1857 necessaria,
2367 1772 2510 1842 hoc
2537 1786 2672 1855 est,

550 1907 713 1977 quae
760 1886 850 1953 sit
889 1881 1295 1977 adjunctio,
1351 1898 1431 1953 ut
1468 1881 1816 1981 proinde,
1853 1882 1964 1952 uti
2006 1906 2312 1979 quaeque
2359 1906 2472 1953 res
2509 1884 2694 1965 erit,-

547 1992 999 2079 laboremuS,
1062 2006 1137 2063 et
1182 1994 1658 2089 gravissimam
1707 2014 2072 2087 quamque
2121 2015 2404 2062 causam
2443 1990 2676 2063 ‘vehe-

550 2104 988 2175 mentissime
1036 2105 1506 2175 necessariam
1543 2100 1966 2199 judicemus

648 2212 951 2286 Affectio
976 2220 1007 2267 ⁴
1052 2230 1161 2285 est
1196 2214 1522 2312 quaedam
1563 2238 1650 2285 ex
1701 2226 2028 2309 tempore
2051 2207 2104 2292 ⁵,
2159 2226 2284 2281 aut
2325 2236 2412 2282 ex
2455 2234 2678 2307 nego·

548 2325 814 2397 tiorum
872 2339 1133 2397 eventu
1190 2319 1360 2397 aut⁶
1413 2323 2074 2407 administratione,
2123 2334 2248 2392 aut
2301 2320 2680 2392 hominum

550 2437 825 2522 studiO,
852 2437 1321 2508 commutatio
1355 2461 1637 2523 rerum,
1663 2452 1747 2506 ut
1784 2457 1931 2503 non
1969 2431 2184 2517 tales,
2223 2431 2472 2527 quales
2516 2445 2680 2501 ante

553 2545 815 2618 habitae
856 2539 1025 2636 sint,
1063 2561 1187 2617 aut
1224 2547 1654 2644 plerumque
1691 2542 1946 2616 haberi
1983 2542 2300 2628 soleant,
2335 2540 2680 2614 habendae

552 2821 815 2872 delibatum
840 2831 914 2868 est
936 2817 1219 2869 ᾰίηιίπηηιηι
1234 2853 1251 2876 ,
1288 2833 1453 2866 verum
1476 2818 1570 2872 ita,
1736 2823 1784 2871 4.
1809 2811 2045 2878 Ajfecu‘o.
2075 2813 2244 2860 Graece
2269 2811 2370 2860 dici
2392 2821 2554 2877 posset
2583 2811 2686 2874 σχὲ·

554 2911 609 2950 ut
638 2917 805 2950 omnes
838 2900 1020 2956 litere,
1064 2907 1239 2961 prater
1268 2897 1473 2960 primam
1494 2929 1509 2954 ,
1543 2909 1570 2942 e
1662 2909 1730 2950 σις
1746 2929 1761 2953 ,
1785 2891 1962 2952 πάθος,
1993 2886 2282 2960 συμὸιὸηκὸς
2304 2889 2576 2954 (accidens)
2595 2927 2610 2950 ,
2639 2900 2688 2936 et

554 2996 700 3028 mauu
718 2981 816 3028 siut
832 2978 1103 3026 scholiasta
1118 3009 1131 3034 ,
1150 2987 1207 3024 ut
1226 2986 1274 3023 et
1293 2976 1375 3022 hic
1396 2973 1576 3022 delibe—
1661 2969 1959 3040 πιρίστασις,
1987 2986 2132 3035 quam
2158 2969 2566 3018 circumstantiam
2589 2969 2688 3015 vul-

556 3070 719 3108 memn
746 3059 893 3106 finisse
918 3055 1138 3104 videatur
1164 3069 1178 3104 :
1211 3069 1311 3102 non
1336 3053 1576 3117 displicet.

557 3138 681 3187 vid.
700 3153 810 3199 cap.
836 3137 919 3198 39.
936 3137 1070 3184 Eur.
1087 3161 1156 3172 --
1172 3133 1457 3197 Antiquitas
1472 3133 1578 3181 cusi

558 3217 790 3266 exhibent
814 3213 1147 3270 deliberatum,
1162 3213 1299 3277 quod
1322 3222 1395 3259 est
1420 3212 1471 3259 in
1493 3213 1578 3258 tri-

557 3296 651 3345 bus
671 3294 790 3343 Pall.
812 3295 1111 3357 mutavitque
1133 3292 1395 3352 lambiuus
1420 3292 1473 3338 in
1500 3291 1581 3338 de-

486 3417 493 3428 .
556 3375 782 3425 libramus
794 3409 813 3433 ,
844 3374 1003 3421 forsan
1030 3371 1166 3420 bene.
1191 3374 1358 3420 Gau-r.

632 3470 682 3504 a.
706 3453 799 3500 Vel
812 3451 861 3499 in
878 3452 1156 3516 pra-sende.
1178 3450 1259 3497 Sic
1284 3451 1443 3497 omnis
1462 3449 1580 3496 scri-

560 3545 644 3600 pta
694 3533 843 3582 lectio
870 3545 885 3580 ε
923 3528 1152 3596 primitus
1206 3529 1309 3577 cusi
1331 3565 1345 3588 ,
1392 3551 1416 3570 «-
1437 3529 1491 3578 ut
1527 3529 1579 3575 iu

558 3631 735 3681 prema·
769 3613 997 3676 deinceps
1022 3610 1237 3675 vulgati,
1258 3631 1283 3652 ‹-
1302 3619 1351 3658 et
1376 3609 1428 3656 iu
1454 3623 1582 3673 proe·

558 3696 711 3744 sentia
728 3715 770 3740 ι.
795 3693 969 3742 Gau-r.

632 3774 681 3820 3.
701 3775 765 3819 ln
787 3785 961 3818 nomm.
978 3783 1103 3816 ‘vero
1124 3767 1336 3816 ratione.
1358 3767 1582 3829 Quatuor

556 3851 635 3900 hae
666 3867 811 3898 voces
846 3865 948 3896 nou
982 3857 1095 3895 aunt
1128 3849 1177 3894 in
1213 3847 1314 3895 Pal.
1346 3845 1579 3894 secundo.

558 3933 705 3978 Grev.
734 3940 891 3976 autem
920 3941 1085 3974 eorum
1114 3925 1228 3973 loco
1254 3925 1438 3972 habet:
1476 3947 1504 3967 ιι
1523 3927 1582 3976 In

558 4007 915 4054 commoditatis
932 4005 1271 4054 tantummodo
1288 4003 1429 4062 illud,
1448 4015 1543 4053 etc.
1559 4025 1581 4046 ι

560 4083 637 4130 Ga
644 4099 726 4132 υτ.

1665 3063 1730 3116 g‘o
1744 3049 2008 3115 appellant,
2027 3049 2176 3112 idque
2197 3061 2396 3097 auctore
2415 3049 2522 3112 ipso
2537 3048 2688 3110 Quiu-

1666 3130 1855 3191 tiliauo‚
1882 3147 1934 3194 p.
1950 3129 2081 3187 268⁵,
2101 3129 2202 3178 vol.
2215 3131 2289 3185 11,
2313 3135 2442 3175 nost.
2453 3127 2569 3174 edit.
2593 3127 2685 3173 En.

1739 3210 1788 3258 5.
1831 3211 1916 3256 Ex
1953 3220 2182 3272 tempore.
2231 3205 2427 3255 Schiitz.
2469 3206 2552 3254 dat
2586 3227 2610 3245 ι-
2630 3221 2690 3251 ex

1665 3300 1940 3352 temporum
1963 3309 1986 3330 ι
2025 3303 2085 3336 οι
2129 3286 2245 3335 cod.
2263 3289 2410 3334 Voss.
2451 3302 2497 3332 c·
2533 3284 2690 3332 schol.

1666 3368 1799 3417 Oud.
1822 3368 2077 3432 probante.

1737 3448 1786 3495 6.
1818 3451 1920 3494 Aac
1944 3444 2390 3498 administratione,
2419 3455 2512 3490 aut
2527 3443 2688 3490 homi·

1667 3543 1784 3574 mem
1809 3525 1992 3576 stendio.
2017 3521 2216 3573 schista.
2239 3522 2321 3570 dat
2355 3533 2474 3570 «aut
2513 3539 2574 3570 ex
2603 3522 2690 3569 ad·

1667 3605 2021 3654 ministratione
2043 3603 2296 3650 hominum
2310 3636 2324 3658 ,
2349 3611 2434 3648 ant
2457 3601 2626 3649 studio
2647 3621 2690 3647 ι.

1669 3687 1848 3733 Sensus
1865 3685 1960 3732 hoc
1975 3716 1989 3741 ‚
2018 3683 2208 3746 iuquit,
2237 3678 2480 3743 requirere
2499 3680 2698 3728 videba-

1670 3775 1750 3812 tur
1765 3799 1779 3819 ,
1819 3779 1920 3810 non
1967 3762 2021 3808 id
2067 3760 2200 3824 quod
2243 3773 2412 3806 omues
2453 3759 2699 3806 editiones

1669 3843 1848 3890 habeut
1863 3877 1879 3901 ,
1921 3863 1946 3883 ιι
1962 3851 2048 3888 aut
2090 3837 2543 3894 administratione,
2615 3849 2702 3885 aut.

1670 3921 1922 3970 homiuum
1943 3919 2108 3967 studio
2119 3939 2159 3967 n.
2181 3918 2369 3979 Nempe
2386 3916 2698 3964 administru—

1671 4000 1806 4050 tione
1825 4001 2027 4047 resenur
2045 3998 2108 4045 ad
2123 4011 2302 4054 nrum,
2316 3995 2454 4058 quod
2474 3995 2704 4061 proxime

1673 4081 1908 4146 sequitur.
1943 4081 2058 4128 Seu.
