2982 4682
773 389 898 460 DE
937 391 1544 481 INVENTIONE,
1590 393 1861 462 LIBER
1909 396 1979 481 1,
2020 396 2137 480 42.
2376 391 2505 467 36.

391 527 518 584 aut
554 513 632 582 in
667 511 997 609 quolibet
1024 513 1360 612 exemplo
1401 513 1494 585 de
1530 515 1649 602 iis,
1684 538 1847 613 quae
1894 517 2267 615 proposita
2306 533 2517 606 sunt,

392 619 538 692 hoc
567 619 760 692 idem
794 646 1287 711 exerceamus,
1333 639 1416 695 ut
1449 648 1670 721 quam
1716 621 1923 695 facile
1958 623 2151 696 factu
2180 627 2292 697 sit.

485 735 586 802 Ac
619 731 710 803 de
743 731 1074 829 partibus
1102 733 1399 831 quidem
1433 735 2079 832 argumentationis
2112 738 2283 806 satis
2306 735 2521 809 nobis

389 839 662 914 dictum
702 841 1004 915 videtur.
1059 843 1247 916 Illud
1301 859 1541 916 autem
1613 844 1945 916 volumus
2000 845 2343 943 intelligi,
2383 871 2519 918 nos

387 951 620 1049 probe
657 966 942 1041 tenere,
991 954 1145 1025 aliis
1187 979 1487 1054 quoque
1536 954 1941 1026 rationibus
1985 959 2267 1026 tractari
2306 979 2516 1054 argu·

387 1061 868 1134 mentationes
910 1065 988 1134 in
1038 1063 1505 1162 philosophia
1556 1065 1803 1136 multis
1857 1080 1931 1136 et
1989 1065 2353 1154 obscuris,
2428 1065 2519 1166 (le

385 1169 660 1269 quibus
687 1186 962 1244 certum
1003 1188 1112 1244 est
1147 1172 1537 1247 artificium
1564 1179 2063 1247 constitutum.
2099 1181 2368 1248 Verum
2401 1175 2521 1246 illa

385 1279 603 1352 nobis
661 1279 1050 1354 abhorrere
1089 1282 1181 1355 ab
1223 1309 1362 1355 usu
1415 1287 1821 1357 oratorio¹²
1860 1280 2294 1356 videntur-¹3.
2340 1287 2519 1375 Quae

384 1393 746 1488 pertinere
783 1406 1022 1464 autem
1067 1393 1154 1466 ad
1196 1393 1585 1466 dicendum
1626 1410 1999 1492 putamuS,
2036 1419 2121 1466 ea
2156 1418 2293 1466 nos
2320 1419 2515 1466 com-

385 1501 712 1588 modius,
769 1526 988 1598 quam
1027 1517 1344 1592 ceteros,
1374 1504 1801 1593 attendisse,
1848 1530 1999 1576 non
2037 1503 2515 1596 affirmamu53

383 1606 850 1707 perquisitius
874 1611 936 1668 ¹4
971 1627 1045 1682 et
1067 1612 1480 1711 diligentius
1515 1617 2031 1714 conscripsisse
2062 1614 2515 1714 pollicemur.

384 1722 630 1806 Nunc,
679 1737 762 1793 ut
805 1721 1246 1794 instituimus
1292 1722 1774 1821 proficisci1⁵,
1810 1725 2069 1797 ordine
2102 1724 2517 1824 adreliqua

383 1841 786 1927 pergemus

478 1943 691 2012 XLII.
724 1939 1478 2040 (xL11.)'Reprehensio
1511 1951 1692 2030 est¹‚
1719 1965 1850 2040 per
1878 1967 2097 2040 quam
2136 1965 2517 2041 argumen-

382 2049 602 2122 tando
625 2050 1200 2124 adversariorum
1231 2051 1686 2124 confirmatio
1704 2063 1733 2095 ²
1764 2049 2123 2142 diluitur-³,
2161 2068 2289 2125 aut
2313 2052 2517 2124 infir·

1489 2263 1594 2297 non
1626 2247 1789 2298 video.
1823 2247 1949 2296 Nem
1982 2258 2076 2296 «nt
2111 2247 2436 2310 instituimus,
2459 2261 2520 2299 ut

1487 2327 1743 2377 instituisti
1760 2351 1787 2371 a
1802 2362 1818 2387 ‚
1841 2328 2019 2393 sapius
2049 2327 2269 2376 absolute
2294 2327 2517 2393 ponitur,

379 2248 618 2315 expunxit
658 2246 947 2310 Lambinus,
987 2249 1076 2312 qni
1115 2265 1209 2315 pro
1250 2249 1311 2297 iis
1347 2248 1402 2298 in

377 2329 670 2395 quibusdam
702 2329 810 2377 aliis
845 2328 986 2378 libris
1009 2329 1232 2378 invenit=
1264 2351 1287 2374 ι
1313 2338 1400 2391 ut,

378 2424 524 2473 qum
549 2408 690 2457 facile
715 2408 852 2457 dictu
887 2409 979 2469 sit,
1018 2410 1326 2473 experiamur
1349 2429 1395 2458 ιι.

377 2490 435 2535 Iu
462 2486 576 2537 cod.
595 2490 740 2536 Voss.
759 2502 804 2547 ⁴?-
832 2487 990 2538 schol.
1023 2488 1259 2552 scriptum
1281 2498 1352 2535 est
1379 2500 1396 2537 ε

375 2588 401 2609 α
416 2566 472 2616 id
493 2576 549 2614 nt
574 2576 622 2613 et
639 2564 921 2631 perficietur
944 2567 1208 2615 scribam
1233 2567 1400 2632 (snper

371 2644 500 2693 linea
525 2644 805 2711 videamus)
833 2656 884 2693 et
909 2646 962 2693 in
991 2662 1142 2710 marg.
1159 2668 1184 2688 ι
1208 2656 1292 2694 sut
1315 2648 1396 2694 in-

374 2725 640 2775 scribamus
668 2726 796 2791 ipsi,
841 2736 890 2774 et
929 2742 1026 2775 nos
1059 2740 1394 2783 exerceamus,

374 2814 461 2853 sut
492 2804 534 2852 si
569 2804 624 2851 id
661 2806 798 2869 piget
841 2805 997 2854 fecere
1029 2826 1074 2852 n.
1111 2804 1248 2853 Idem
1285 2804 1399 2852 eod.

375 2894 590 2931 extrema
623 2885 694 2933 sic
725 2884 880 2933 variet
908 2898 924 2935 t
953 2906 980 2927 α
997 2899 1144 2949 quem
1176 2884 1232 2932 id
1257 2884 1400 2931 facile

373 2962 506 3011 fictu
529 2963 594 3010 sit
612 2986 656 3011 ¹·-

403 3070 430 3091 l
451 3055 534 3089 ιο.
571 3036 817 3088 oratorio.
845 3038 972 3089 Coe.
989 3040 1136 3089 Voss.
1162 3056 1207 3087 e.
1239 3039 1398 3087 schol.

375 3117 606 3167 oratoris.

451 3199 534 3247 13.
569 3196 822 3245 Videntur.
861 3192 1117 3243 Schiitzius
1141 3195 1254 3243 visa
1283 3206 1403 3245 sunt

372 3292 436 3326 ex
464 3278 589 3327 MSS
615 3293 763 3343 qnam
803 3275 1057 3342 plurimis,
1093 3276 1238 3323 etism
1265 3274 1396 3325 ond.

372 3358 620 3419 omnihus,
643 3360 754 3423 ipso
771 3356 903 3406 ond.
925 3354 1184 3421 prebente.

447 3446 528 3493 14.
555 3437 876 3502 Perquisitius.
915 3436 1199 3485 Delevinms
1229 3436 1321 3483 sed
1343 3434 1396 3484 in

370 3515 614 3579 principio
633 3548 648 3574 ,
671 3516 808 3580 qnod
832 3514 969 3565 abest
991 3532 1018 3563 a
1045 3516 1171 3565 MSS
1202 3514 1396 3563 dnobus

372 3591 505 3641 Oud.
531 3601 580 3640 et
615 3595 747 3643 Cass.
775 3591 1019 3657 eleganter
1054 3603 1102 3641 et
1133 3592 1278 3658 plene
1312 3592 1396 3641 Ci-

371 3671 634 3719 eeronisno
651 3688 786 3720 more
797 3672 850 3719 in
864 3674 950 3720 teli
969 3674 1121 3721 forms
1141 3672 1392 3721 orationis.

371 3746 534 3794 Placet
557 3749 700 3796 etism
727 3748 1100 3815 Oudendorpio.
1119 3753 1252 3799 Eun.

447 3840 469 3872 ι
481 3826 527 3874 5.
567 3830 629 3875 Ut
646 3826 937 3878 instituimus
948 3828 1212 3896 prqfteisei.
1231 3832 1394 3879 Inter-

367 3905 636 3970 pnnximus
669 3915 784 3970 post
816 3906 1091 3972 proficisci,
1131 3919 1187 3955 nt
1228 3920 1302 3957 est
1340 3911 1394 3957 in

367 3986 504 4033 Cass.
541 3995 590 4032 et
609 3982 717 4031 aliis
745 4000 826 4049 sp.
857 3986 992 4034 ond.
1025 3998 1074 4035 et
1097 3986 1212 4037 edd.
1249 3990 1392 4038 Junt.

367 4067 465 4113 Res
486 4066 590 4129 ipsa
615 4063 851 4127 postulat.
891 4066 1019 4114 Esn-
1044 4092 1110 4102 -
1127 4067 1282 4130 Quod
1307 4084 1396 4116 cnr

369 4145 560 4197 Ernesti
581 4160 684 4195 rem
719 4143 874 4209 ipsam
907 4147 1156 4211 postulare
1179 4147 1357 4199 dixerit
1373 4183 1388 4208 ,

1489 2417 1547 2455 nt
1572 2408 1677 2457 Cic.
1701 2408 1762 2455 de
1786 2408 1993 2455 Oratore
2011 2441 2026 2468 ,
2053 2405 2141 2456 lib.
2168 2408 2249 2465 11,
2288 2422 2399 2471 esp.
2420 2409 2516 2466 28,

1487 2497 1576 2535 «et
1612 2502 1814 2552 pergere
1843 2484 2095 2551 proficisci
2118 2507 2140 2527 ι
2168 2485 2284 2533 alibi
2318 2501 2516 2550 quoque

1485 2566 1701 2615 occurrit
1718 2599 1735 2626 ,
1762 2565 1977 2632 exempli
2006 2580 2151 2613 cause
2168 2598 2185 2624 ,
2205 2564 2270 2612 nd
2296 2567 2513 2613 Herenn-

1484 2646 1586 2705 111,
1614 2660 1659 2695 ι.
1688 2646 1807 2694 Seu.

1556 2726 1712 2773 XLII.
1750 2740 1798 2773 ι.
1826 2720 2149 2787 Reprehensio
2173 2731 2257 2770 est.
2286 2721 2410 2784 Qua
2444 2730 2519 2771 est

1486 2802 1656 2865 quinte
1692 2802 1991 2849 inventionis
2029 2816 2139 2865 pars
2160 2816 2174 2849 ε
2198 2815 2327 2863 resp.
2358 2816 2401 2848 c.
2429 2808 2514 2857 24.

1485 2881 1621 2928 Ana.
1641 2879 1905 2929 infirmatio
1924 2890 1973 2929 et
1987 2880 2237 2928 tornutio.
2252 2866 2514 2932 Ανασκιωὶ.

1487 2959 1710 3009 Cui-n.

1558 3054 1609 3085 2.
1642 3034 1982 3104 Confirmatio.
2014 3036 2327 3096 Καταωιιυῆ,
2368 3054 2514 3101 quem

1485 3116 1823 3179 Quintilianus
1842 3115 2183 3181 probationem
2219 3118 2397 3182 passim
2422 3132 2515 3167 vo-

1486 3206 1582 3244 cat.
1610 3196 1827 3246 Csrun.

1558 3276 1609 3324 3.
1639 3274 1870 3331 Diluitur,
1897 3284 1985 3322 aut
2010 3272 2302 3341 infirmatur,
2323 3288 2409 3324 emt
2430 3278 2512 3326 al·

1485 3354 1691 3406 levatur.
1718 3354 1913 3401 Ernesti
1942 3354 2030 3417 qni
2064 3354 2203 3404 dedit
2232 3378 2257 3398 υ
2288 3366 2375 3405 ant
2397 3356 2514 3404 alle·

1483 3434 1647 3483 viatur
1663 3456 1717 3491 a,
1742 3432 1839 3480 hoc
1852 3466 1867 3493 ,
1886 3432 2049 3497 inquit
2062 3469 2078 3495 ,
2098 3434 2200 3482 sine
2222 3434 2377 3483 dubio
2394 3450 2511 3499 spu·-

1483 3512 1608 3561 rium
1628 3523 1727 3573 est,
1747 3529 1775 3561 e
1791 3513 1950 3577 glossa
1968 3512 2280 3561 semibarbari
2293 3514 2509 3561 hominis

1481 3603 1677 3651 natum,
1714 3592 1851 3657 quod
1891 3592 2069 3641 deinde
2098 3594 2151 3641 in
2178 3591 2352 3641 melius
2386 3594 2511 3642 alle·

1481 3684 1645 3735 vatur,
1665 3682 1751 3721 aut
1775 3672 1973 3731 levatur,
1990 3684 2047 3721 ut
2065 3672 2205 3721 estin
2225 3672 2340 3721 edd.
2359 3676 2391 3721 J
2395 3682 2504 3724 unt.

1482 3749 1693 3799 Medici.
1715 3760 1954 3799 mutatum
1980 3763 2069 3799 est.
2092 3754 2217 3801 Num
2234 3752 2360 3799 MSS
2388 3766 2509 3799 con·

1481 3846 1624 3879 seusu
1655 3828 1837 3877 hebent
1864 3830 2137 3887 alleviatur,
2168 3831 2333 3893 ithqne
2367 3831 2509 3879 uncis

1480 3908 1678 3958 inclusi.
1712 3910 1870 3957 Etiam
1895 3909 2059 3973 paullo
2082 3920 2201 3975 post
2224 3920 2296 3956 est
2320 3919 2507 3958 tantum

1479 3987 1665 4037 diluere
1684 4022 1699 4047 ,
1730 3998 1815 4036 aut
1842 3986 2115 4051 infit-nim,
2144 3998 2191 4035 et
2228 3986 2334 4035 eliis
2368 3987 2507 4038 locis.

1482 4069 1707 4130 Quarum
1738 4082 1917 4131 porro,
1939 4067 2059 4130 quid
2091 4066 2276 4115 diluere
2296 4078 2344 4115 et
2370 4066 2507 4135 infir-

1481 4162 1617 4195 mare
1654 4144 1907 4206 different,
1946 4156 2000 4194 ut
2030 4157 2123 4194 aut
2158 4147 2503 4214 interpositum
