2982 4682
705 381 832 448 AD
883 375 1466 464 ΗΕΒΕΝΝΙΠΜ,
1518 381 1787 452 LIBER
1834 381 1936 466 11,
2000 405 2105 478 19.

333 500 586 574 fecerit
617 502 968 596 Ajacem:

330 613 587 684 tollere
605 611 936 694 volebat;
957 637 997 682 3
1013 627 1164 708 quo
1189 609 1490 687 sibinon
1508 612 1771 707 injuiia
1796 636 2165 684 summum
2190 616 2472 712 perieu-

333 724 486 794 lum
507 721 896 794 metuebat.
900 721 1236 808 Videbat,
1247 722 1370 794 illo
1385 722 1758 811 incolumi,
1768 746 1843 793 se
1857 722 2299 796 incolumem
2319 752 2472 798 nou

339 833 708 920 futurum
745 831 1082 932 sperabat
1103 832 1296 906 illius
1327 846 1565 904 morte
1590 857 1669 904 se
1696 833 1999 904 salutem
2026 832 2165 906 sibi
2188 859 2475 934 compa-

341 969 538 1030 rare3
567 957 1040 1015 consueverat
1059 997 1080 1032 ‚
1117 945 1177 1014 si
1195 943 1358 1038 jure
1387 967 1539 1014 non
1572 957 1897 1042 poterat,
1940 947 2193 1041 quavis
2218 947 2478 1042 injuria

335 1056 628 1125 inimico
667 1055 965 1126 exitium
993 1053 1430 1142 machinari3
1478 1055 1595 1124 cui
1633 1055 1739 1125 rei
1776 1075 1975 1126 mors
2012 1055 2307 1152 indigna
2346 1060 2475 1127 Pa-

331 1163 636 1236 lamedis
675 1167 1194 1236 testimonium
1250 1163 1372 1236 dat
1389 1173 1442 1233 ².
1497 1167 1688 1260 Ergo
1746 1179 1821 1234 et
1888 1178 2127 1234 metus
2180 1166 2483 1262 periculi

331 1274 768 1346 hortabatur
803 1299 974 1346 eum
1006 1276 1420 1346 interimere
1441 1327 1460 1360 ,
1524 1299 1567 1346 a
1610 1299 1761 1371 quo
1794 1273 2234 1371 supplicium
2270 1299 2479 1346 vere-

331 1383 588 1472 batur3
638 1396 711 1457 et
747 1382 1202 1456 consuetudo
1238 1383 1624 1482 peccandi,
1670 1381 2007 1455 maleficii
2040 1379 2479 1482 suscipiendi

329 1493 760 1565 removebat
781 1493 1338 1566 dubitationem.
1368 1498 1643 1566 Omnes
1672 1497 1875 1566 enim
1914 1518 2145 1590 quum
2182 1496 2479 1590 minima

333 1619 627 1700 peccata
663 1627 830 1674 cum
877 1596 1141 1676 causa3
1190 1605 1631 1702 suscipiunt,
1679 1617 1839 1674 tum
1883 1627 2054 1675 vero
2100 1585 2255 1690 illa,
2312 1630 2477 1703 quoe

333 1714 570 1786 multo
625 1716 936 1786 maxima
987 1729 1161 1786 sunt
1200 1713 1587 1801 maleficia,
1638 1714 1885 1810 aliquo
1936 1729 2135 1786 certo
2193 1715 2477 1788 emo‘lu-

331 1831 588 1896 mento
629 1823 831 1895 ducti
867 1825 1234 1921 suscipere
1265 1839 1649 1896 conantur.
1678 1829 1751 1895 Si
1785 1824 2053 1898 muitos
2079 1824 2365 1898 induxit
2400 1828 2475 1898 in

334 1950 712 2030 peccatum
733 1939 1068 2033 pecuniae
1105 1960 1306 2034 spes»,
1345 1936 1404 2005 'si
1437 1933 1849 2031 complures
1886 1932 2155 2006 scelere
2190 1958 2267 2006 se
2305 1959 2491 2024 con-f

335 2047 867 2118 taminaverunt
913 2047 1200 2144 imperii
1236 2042 1667 2142 cupiditate3
1717 2044 1777 2113 si
1821 2040 2031 2111 multi
2072 2041 2229 2112 leve
2273 2067 2475 2114 com-

331 2156 684 2252 pendium
705 2161 734 2208 4
789 2155 1044 2241 fraude
1098 2156 1408 2226 maxima
1465 2164 2009 2224 commutarunt
2030 2147 2095 2239 ⁵3
2154 2152 2276 2222 cui
2342 2157 2475 2222 mi·-

328 2291 494 2337 rum
531 2265 927 2357 videbitur,
969 2269 1188 2338 istum
1231 2291 1272 2336 a
1309 2261 1667 2336 maleficio
1700 2275 2003 2360 propter
2043 2262 2473 2334 acerrimam

329 2376 796 2450 formidinem
855 2404 1008 2451 nou
1065 2372 1573 2475 temperasse⁶.
1634 2376 1893 2445 Virum
1952 2371 2429 2445 fortissimum
2452 2426 2473 2461 ‚

331 2490 876 2585 integerrimum
899 2544 918 2577 ,
956 2490 1499 2560 inimicitiarum
1526 2484 2297 2582 persequentissimum
2316 2538 2337 2570 ,
2367 2488 2473 2554 in·-

325 2600 518 2694 juria
556 2598 1001 2684 lacessitum,
1050 2600 1156 2669 ira
1195 2597 1710 2670 exsuscitatum
1734 2606 1760 2651 7
1780 2648 1801 2681 ,
1856 2592 2083 2664 homo
2140 2591 2471 2683 timidus,

2376 383 2469 454 83

327 2784 641 2849 mentationia
680 2780 939 2847 prefiguut
964 2798 977 2831 :
998 2805 1023 2825 α
1045 2782 1348 2847 propositIo,
1443 2780 1597 2827 mines
1634 2792 1759 2841 quos
1799 2776 1997 2823 minima
2036 2775 2097 2822 de
2132 2790 2273 2823 causa
2310 2792 2472 2824 suace-

1013 502 1392 572 inimicum
1421 502 1617 572 enim
1655 505 2083 575 acerrimum
2108 505 2199 576 de
2226 505 2471 578 medio
2558 509 2569 526 '

331 2864 488 2923 ratio,
508 2873 604 2910 etc.
635 2882 660 2905 ι
683 2862 839 2910 Iidem
857 2862 910 2909 in
929 2864 1068 2909 Voss.
1093 2876 1118 2910 ι
1155 2862 1207 2908 ὶιι
1229 2876 1356 2908 mar-

329 2945 442 3007 gine
479 2942 726 3005 leguntur,
767 2952 822 2989 ut
850 2952 878 2989 a
914 2941 1230 3005 grammatico
1266 2940 1354 2989 ad·

324 3024 484 3083 jecto·
507 3037 612 3071 ense
640 3020 858 3069 dubitari
889 3030 1117 3084 nequeat.
1141 3021 1352 3069 Scauru-

329 3128 398 3137 —
417 3100 554 3149 Idem
574 3099 852 3163 exemplum
879 3100 1066 3163 respice
1092 3102 1143 3158 1,
1169 3116 1190 3145 1
1205 3116 1226 3146 ι
1245 3114 1261 3160 ;
1281 3100 1347 3148 cf.

329 3180 436 3228 Cic.
487 3179 549 3227 de
584 3182 694 3228 Iuv.
729 3182 754 3226 1
768 3212 783 3237 ,
828 3181 875 3228 8.
921 3179 1150 3226 Gaudent
1188 3189 1350 3226 autem

329 3259 474 3321 graeci
491 3258 708 3307 rhetores
727 3258 1004 3307 Homericis
1030 3257 1278 3321 exemplis.

405 3353 454 3385 a.
505 3337 842 3387 Testimonium
884 3336 992 3384 dae.
1028 3338 1146 3383 Vox
1183 3336 1352 3384 ultima

329 3434 434 3465 non
471 3415 630 3465 influit
656 3416 872 3465 suaviter
897 3415 950 3462 in
973 3431 1112 3463 aures
1142 3429 1156 3461 ε
1183 3426 1350 3478 estque

329 3497 384 3542 in
401 3496 503 3543 Pal.
529 3495 692 3561 primo
705 3516 730 3537 α
749 3492 1079 3542 testimonium
1097 3493 1283 3558 praebet
1303 3508 1354 3541 n:

330 3577 496 3623 sonan
528 3585 730 3639 utraque
762 3585 836 3623 est
858 3590 886 3621 a
924 3572 1154 3622 librariis.
1183 3576 1351 3621 Gaur.

327 3682 400 3692 --
418 3655 492 3703 De
505 3654 758 3703 Palamede
783 3654 898 3701 vide
921 3657 1094 3717 Heyue
1113 3690 1129 3715 ‚
1145 3654 1261 3701 Exc.
1281 3653 1354 3698 IV

327 3734 392 3781 ad
411 3734 607 3797 Virgilii
624 3734 816 3781 AEueid.
833 3735 905 3781 11.
1097 3734 1112 3755 ⁰

405 3814 457 3862 3.
487 3816 646 3877 Quum
663 3812 864 3861 minima
884 3822 1092 3876 peccata
1117 3826 1226 3857 cum
1243 3826 1356 3857 cau-

327 3909 404 3941 sa.
417 3892 616 3941 Habent
630 3904 754 3942 vett.
772 3892 885 3941 edd.
908 3892 1038 3939 iuter
1049 3906 1168 3955 quas
1189 3908 1208 3937 1
1221 3892 1352 3952 476,

333 3994 358 4013 ι
380 3986 536 4035 quum
565 3973 762 4021 minima
781 3970 844 4021 de
860 3988 1003 4019 causa
1025 3980 1222 4035 peccata
1247 3986 1354 4019 sus·

329 4050 552 4115 cipiunt,
571 4064 672 4099 tum
687 4084 703 4111 ,
723 4062 818 4099 etc.
837 4072 860 4093 ι
879 4049 1014 4115 quod
1033 4051 1234 4097 fortasse
1253 4064 1354 4095 uon

326 4130 678 4193 spernendum,
693 4143 751 4180 ut
763 4146 930 4179 sensus
945 4132 1006 4179 sit
1032 4143 1046 4178 τ
1066 4131 1247 4179 Omnes
1266 4129 1354 4177 ho·

1440 2858 1571 2921 pisse
1610 2862 1807 2918 peccata
1833 2862 2051 2910 constat,
2084 2852 2171 2899 ubi
2211 2862 2340 2901 certa
2370 2857 2473 2901 uti-

1441 2937 1553 2983 litas
1575 2935 1769 2990 aderit,
1822 2948 1995 2997 parum
2048 2930 2187 2977 dubii
2238 2942 2313 2979 est
2340 2934 2465 2996 quin

1442 3017 1649 3061 maxima
1677 3026 1877 3075 quoque
1902 3010 2154 3057 admittere
2175 3012 2334 3074 parati
2353 3014 2469 3061 sint.

1443 3092 1597 3155 Quod
1623 3090 1809 3155 optime
1838 3090 2070 3137 convenit
2106 3104 2217 3136 cum
2242 3104 2352 3156 sqq.
2378 3112 2403 3133 .-
2428 3090 2471 3139 ⁸1

1441 3172 1585 3219 multi
1606 3171 1711 3217 leve
1734 3168 2079 3236 compendium
2095 3203 2109 3227 ‚
2134 3176 2231 3218 etc.
2257 3190 2280 3212 ι

1516 3258 1563 3305 4.
1596 3246 1968 3313 compendium.
1996 3244 2406 3299 Emolumeutum.

1514 3326 1564 3379 5.
1582 3330 1961 3378 commutarunt.
1975 3326 2112 3376 Nihil
2127 3329 2287 3390 refert,
2302 3341 2465 3377 utrum

1441 3411 1537 3468 sic,
1560 3426 1625 3456 an
1647 3424 1759 3456 cum
1801 3406 2011 3469 vulgatis
2049 3396 2469 3456 ‹.·unmtuecwerum¹

1441 3489 1631 3553 legatur
1658 3504 1671 3537 z
1695 3486 1785 3535 sed
1806 3496 1967 3534 tamen
1989 3486 2143 3535 libros
2166 3498 2350 3535 veteres
2371 3502 2464 3537 scr.

1441 3580 1494 3616 et
1518 3566 1631 3615 edd.
1650 3566 1845 3629 sequuti
1862 3580 2041 3612 sumus.
2058 3565 2187 3613 Eun.
2465 3565 2491 3577 “

1514 3648 1565 3694 6.
1604 3645 1712 3693 Non
1743 3656 2050 3708 temperasse.
2090 3640 2291 3695 schiitz.
2320 3666 2347 3687 n
2374 3634 2468 3693 sibi

1443 3742 1547 3775 uon
1568 3736 1855 3787 temperasse
1872 3746 1915 3771 n.
1934 3724 1975 3771 E
2000 3722 2466 3781 conject.1.ambiui‚

1445 3804 1655 3868 inquit,
1691 3826 1715 3845 α
1758 3818 1859 3849 non
1900 3812 2187 3865 temperasse
2220 3822 2259 3849 ιι.
2304 3796 2466 3866 Vulgo

1454 3898 1607 3931 «nou
1627 3899 1677 3930 se
1700 3893 2047 3945 temperasse».
2075 3880 2167 3927 Ms
2189 3880 2330 3929 Trac.

1516 3978 1565 4021 7.
1586 3959 1968 4009 Exseescae‘taeum.
1990 3960 2067 4006 Ita
2088 3958 2186 4006 sere
2202 3958 2320 4006 edd.
2342 3968 2461 4005 vett.

1445 4056 1597 4104 usque
1618 4038 1679 4087 ad
1695 4038 1876 4086 Aldum
1892 4073 1906 4098 ,
1921 4037 2008 4102 qui
2026 4036 2163 4085 dedit
2182 4035 2464 4084 emieamm.

1447 4104 2463 4187 mudoetinmssvoas.2,'1.em.2,3.scn.

2109 4204 2175 4278 6.
