2982 4682
560 376 579 419 ι
610 374 627 419 i
645 347 691 419 6
1225 354 1331 421 M.
1371 352 1448 420 Τ.
1505 353 1990 423 CICERONIS

550 471 779 559 voleS,
816 486 888 543 et
934 468 1302 543 interdum
1358 478 1512 545 sine
1571 472 1784 545 nobis
1832 471 2142 571 legendo
2184 495 2672 570 consequere,

552 608 645 653 ne
679 579 853 679 quid
892 580 1316 678 impediare,
1359 584 1539 679 quin
1578 583 1668 655 ad
1713 582 1900 655 hanc
1937 583 2368 654 utilitatem⁴
2405 584 2678 681 pariter

555 692 935 763 nobiscum
979 692 1318 790 progredi
1372 696 1621 789 possis
1675 696 1890 765 Nunc
1926 707 2010 763 tu
2059 690 2170 764 fac
2209 707 2563 765 attentum
2601 708 2676 763 te

558 801 871 901 praebeas
910 828 925 870 ε
966 826 1102 873 nos
1148 801 1501 899 proficisci
1522 800 1550 847 ⁵
1595 804 1683 873 ad
1723 806 2048 884 instituta
2075 828 2478 901 pergemus.

648 916 735 983 ΙΙ.
776 910 918 1009 (n.)
956 910 1526 983 Deliberationes
1579 916 1840 1011 partim
1890 926 2060 985 sunt
2113 912 2560 1009 hujusmodi,
2595 926 2680 983 ut

552 1038 937 1122 quaeratur,
952 1036 1195 1092 utrum
1214 1025 1499 1120 potius¹
1539 1020 1944 1093 faciendum
1971 1024 2100 1106 sit;
2131 1022 2391 1120 partim
2423 1021 2675 1116 hujus·

550 1132 780 1218 modi,
824 1146 945 1217 ut,
1004 1131 1179 1227 quid
1231 1132 1684 1230 potissimum
1723 1128 2124 1203 faciendum
2174 1138 2302 1222 sit,
2346 1130 2677 1203 conside·

550 1258 771 1316 retur.
814 1246 1073 1312 Utrum
1120 1244 1405 1339 potius»,
1455 1242 1596 1313 hoc
1647 1240 1868 1312 modo
1903 1268 1920 1311 ε
1963 1240 2380 1338 «Carthago
2412 1238 2676 1313 tollen-

549 1352 707 1439 da’,
742 1376 832 1421 an
864 1346 1340 1447 relinquenda
1372 1349 1762 1423 videatur».
1793 1352 1987 1442 Quid
2018 1351 2503 1450 potissimum,
2535 1348 2680 1421 hoc

555 1477 770 1560 pacto
804 1488 820 1529 z
870 1490 903 1525 α
944 1475 1027 1530 ut
1066 1463 1125 1531 si
1165 1458 1524 1530 Hannibal
1588 1462 1948 1533 consultet
1975 1515 1994 1545 ,
2056 1484 2288 1558 quum
2332 1483 2423 1531 ex
2479 1458 2682 1530 Italia

554 1572 1055 1667 Carthaginem
1100 1573 1513 1653 arcessitur,
1569 1564 1918 1641 initalia3
1955 1584 2361 1657 remaneat,
2406 1593 2496 1640 an
2542 1567 2677 1640 do-

554 1702 757 1753 mum
832 1680 1117 1764 redeat,
1184 1706 1273 1751 an
1334 1683 1408 1751 in
1478 1684 1862 1780 AEgyptum
1933 1679 2300 1781 profectus
2367 1696 2681 1779 occupet

552 1790 1053 1865 Alexandriam
1076 1795 1177 1862 4».
1208 1797 1389 1863 Item
1427 1790 1982 1864 deliberationes
2017 1794 2278 1891 partim
2315 1795 2484 1890 ipsae
2513 1816 2683 1889 pro—

554 1918 719 2001 pter
752 1926 829 1973 se
872 1898 1363 1973 consultandae
1406 1918 1578 1975 sunt
1615 1930 1631 1972 :
1677 1933 1707 1969 α
1745 1918 1828 1974 ut
1863 1904 1921 1974 si
1963 1900 2313 1975 deliberet
2353 1918 2680 1989 senatuS,

556 2014 879 2111 captivos
916 2008 1011 2083 ab
1052 2009 1387 2084 hostibus
1426 2010 1770 2101 redimat,
1809 2038 1898 2084 an
1937 2036 2088 2083 non
2119 2042 2172 2082 ».
2209 2013 2471 2083 Partim
2511 2034 2684 2109 pro-

560 2139 723 2222 pter
748 2121 1058 2218 aliquam
1100 2136 1513 2193 extraneam
1551 2146 1834 2194 causam
1871 2125 2174 2194 veniunt
2213 2123 2290 2193 in
2327 2120 2682 2193 delibera-

554 2236 828 2303 tionem
873 2245 946 2301 et
988 2230 1590 2303 consultationem
1622 2260 1638 2301 :
1681 2263 1716 2298 α
1741 2249 1820 2304 ut
1856 2235 1914 2303 si
1949 2229 2298 2305 deliberet
2345 2246 2634 2303 senatus
2657 2284 2680 2319 ‚

553 2340 751 2414 bello
784 2328 1125 2428 Italico⁵‚
1179 2340 1501 2417 solvatne
1555 2343 1832 2440 legibus
1885 2344 2336 2441 Scipionem,
2391 2356 2476 2414 ut
2509 2365 2684 2414 eum

624 2522 676 2569 4.
696 2511 781 2560 Ad
796 2509 929 2558 lianc
950 2507 1217 2558 utilitatem.
1237 2511 1435 2575 Semper
1451 2513 1570 2560 mihi

558 2594 715 2640 visum
766 2601 839 2638 est
890 2589 1116 2653 languere
1165 2589 1217 2638 h.
1262 2589 1301 2638 l.
1352 2587 1573 2638 utilimis

556 2671 778 2720 verbnm.
812 2668 960 2716 Venit
990 2667 1112 2716 mihi
1137 2669 1191 2714 in
1218 2680 1428 2718 mentem
1466 2685 1574 2716 cor·

556 2751 713 2814 rigere
762 2745 1091 2806 subtilitatem,
1136 2749 1174 2795 i.
1221 2763 1264 2796 e.
1302 2759 1575 2796 accuratam

556 2829 807 2880 seientiam
842 2826 959 2878 artis
974 2861 988 2887 ,
1022 2827 1215 2891 qualem
1252 2827 1305 2874 in
1342 2829 1573 2892 magistro

556 2910 862 2975 requirimus.
888 2927 911 2950 ι
935 2905 1017 2956 Ad
1040 2906 1168 2955 hane
1192 2905 1506 2955 subtilitatem
1523 2929 1572 2968 a,

559 2992 595 3038 i.
616 3005 659 3038 e.
678 2997 947 3037 accuratam
975 2986 1224 3034 scientiam
1251 2985 1397 3048 hujus
1428 2988 1572 3046 artis,

555 3083 701 3132 qnam
742 3065 833 3114 tibi
876 3065 1121 3112 subtiliter
1162 3063 1317 3116 trado.
1347 3065 1477 3115 Ean.
1505 3091 1575 3104 --·

558 3149 646 3196 Aa
666 3146 798 3194 hane
824 3143 1103 3204 utilitatem,
1126 3145 1327 3193 romae
1350 3145 1491 3207 quasi
1509 3144 1574 3193 ad

554 3225 695 3290 'atejus
720 3223 793 3270 rei
811 3238 964 3271 usum.

630 3304 681 3351 5.
726 3303 830 3349 Nos
865 3299 1123 3368 proficisci.
1171 3302 1291 3348 Vox
1328 3301 1575 3365 proficisci

558 3383 689 3431 salva
716 3380 953 3428 sententia
973 3379 1151 3427 auferri
1168 3388 1376 3443 poterat.
1401 3383 1518 3428 Son.

630 3463 693 3508 Π.
712 3475 757 3509 1.
791 3461 959 3506 Utrum
970 3458 1147 3522 potius.
1172 3461 1354 3520 Quum,
1378 3457 1576 3508 dnobus

560 3537 846 3604 propositis,
872 3551 1065 3585 neeesse
1084 3547 1155 3584 est
1178 3535 1572 3606 alternmeligas.

557 3617 763 3682 -Qm'd
770 3617 1088 3682 potissimum.
1104 3618 1269 3679 antn
1294 3617 1441 3664 multa
1459 3629 1574 3666 sunt

557 3715 667 3764 qnae
694 3697 798 3746 fieri
822 3707 1031 3762 possunt
1049 3731 1064 3754 ,
1089 3707 1173 3744 ant
1194 3697 1354 3744 omnia
1374 3697 1572 3760 negligi.

630 3793 679 3826 a.
710 3775 954 3841 Carthago
982 3775 1221 3825 tollenda.
1256 3777 1421 3840 Apage
1446 3775 1572 3824 illud

556 3857 775 3906 Lambini
804 3867 1131 3904 commentum
1161 3855 1375 3903 delenda
1392 3871 1411 3901 .·
1448 3855 1568 3918 quid

550 3939 679 3984 enim
716 3935 969 3982 venustius
998 3935 1191 3999 opponi
1228 3943 1387 3997 potest
1422 3949 1568 3996 quam

548 4019 653 4066 haec
694 4011 838 4061 verba
855 4048 869 4070 ,
918 4013 1109 4070 tollere,
1152 4012 1423 4075 relittquere
1442 4017 1471 4059 ,³
1504 4014 1566 4060 Et

548 4095 675 4144 dixit
706 4095 877 4144 Cicero
896 4107 999 4141 non
1026 4091 1171 4141 semel
1204 4091 1365 4140 urbem
1382 4091 1566 4140 tollere.

1657 2515 1889 2563 Gau-rsa.
1956 2529 2098 2578 quem
2163 2511 2418 2562 Sebiitaius
2483 2513 2684 2578 probat.

1731 2595 1782 2642 3.
1809 2595 1869 2640 In
1895 2593 2064 2642 Italia.
2089 2591 2226 2642 Vett.
2247 2591 2360 2641 edd.
2387 2607 2456 2640 aa
2491 2589 2543 2640 t‘n
2572 2593 2684 2638 Ita-

1661 2671 1732 2720 lia
1751 2677 1778 2718 ι’
1804 2672 1919 2719 Non
1949 2671 2015 2720 ita
2042 2671 2164 2720 male
2191 2681 2348 2736 puto,
2385 2686 2539 2735 quum
2573 2685 2682 2719 nou

1662 2751 1935 2815 ambigatur
1975 2763 2138 2798 utrum
2187 2767 2214 2798 e
2258 2749 2454 2799 dnobus
2497 2747 2682 2812 eligen-

1663 2827 1812 2888 ἅπαις
1833 2828 1920 2878 sed
1941 2829 2064 2892 quid
2095 2830 2299 2880 omnino
2321 2826 2594 2878 faciendu-
2613 2827 2682 2876 sit

1661 2920 1920 2972 queratur.

1735 2994 1782 3043 4.
1820 2989 1876 3034 In
1907 2986 2166 3052 AEgyptum
2195 2986 2448 3054 pmseettes
2481 2999 2686 3052 occupet

1663 3065 2040 3115 Alexandriam.
2075 3067 2291 3131 Egypto
2326 3077 2430 3115 tum
2473 3066 2684 3130 impera-

1661 3145 1744 3194 bat
1779 3145 2068 3195 Ptolemaeus
2109 3144 2386 3210 Epiphanes
2401 3179 2420 3206 ,
2461 3145 2550 3209 qni
2581 3145 2683 3194 boe

1661 3225 1770 3289 ipso
1812 3239 1973 3282 anuo,
2022 3224 2240 3288 quinque
2275 3239 2515 3274 annornm
2555 3239 2684 3289 puer

1660 3304 1889 3352 suecessit
1930 3303 2064 3352 fratri
2099 3303 2398 3368 Philopatori
2416 3335 2434 3363 ‚
2459 3317 2680 3368 quocum

1661 3398 1749 3447 per
1772 3399 1887 3432 ann.
1926 3381 2150 3431 533-550
2179 3391 2434 3446 regnante,
2468 3381 2682 3431 Rotnani

1662 3461 1846 3520 fredus,
1866 3479 1893 3508 a
1917 3461 2267 3527 Philadelpho,
2287 3461 2434 3522 buius
2455 3475 2577 3520 avo,
2597 3475 2680 3509 an.

1659 3539 1781 3588 Urb.
1807 3542 1902 3595 481
1932 3540 2138 3598 initntn,
2167 3540 2264 3587 hoe
2287 3541 2398 3604 ipso
2423 3537 2560 3588 bello
2587 3539 2682 3587 Pn-

1659 3621 1774 3667 nieo
1801 3619 1958 3666 altero
1993 3630 2358 3668 nenovaverant.
2387 3619 2568 3667 Wuz.

1733 3699 1778 3745 5.
1817 3698 1950 3745 Bello
1977 3699 2174 3746 Italico.
2201 3698 2472 3747 Wetzelins
2505 3695 2682 3762 reponi

1659 3779 1768 3828 vult
1793 3779 1986 3828 Punico.
2016 3781 2076 3826 Et
2107 3789 2236 3827 certe
2271 3779 2452 3828 rectius
2473 3778 2540 3826 ita
2565 3777 2682 3825 scri-

1661 3867 1797 3920 ptum
1823 3857 2006 3914 suisset,
2027 3855 2122 3906 nisi
2141 3859 2268 3906 forte
2289 3869 2432 3922 putes
2451 3857 2680 3905 Italicum

1657 3951 1798 3999 posse
1822 3934 1916 3981 dici
1941 3937 2178 3984 Punicum
2197 3937 2399 3985 alterum
2415 3969 2428 3995 ,
2447 3951 2546 4000 qno
2573 3950 2682 3983 sex·

1657 4013 1812 4060 decem
1838 4027 1994 4059 annos
2019 4015 2156 4062 ltalia
2177 4015 2428 4064 laboravit.
2447 4013 2546 4064 Sed
2565 4027 2684 4062 nns-

1655 4105 1798 4157 quam
1817 4092 2025 4156 reperio.
