2982 4682
782 382 909 450 AD
958 381 1551 465 HERENNIUM,
1596 380 1864 449 LmER
1913 382 2037 465 IV,
2076 374 2188 450 53.
2259 428 2264 433 .
2393 335 2536 451 265

405 528 645 601 neque
682 504 779 591 ei,
816 494 1037 600 quem
1066 503 1265 575 vides
1297 502 1692 590 dominari,
1732 502 1837 572 vis
1873 502 2538 600 supplicare?·Tum

402 614 693 687 mulier:
732 619 969 685 Immo
1002 611 1297 711 quidem
1334 613 1451 684 iile
1488 626 1696 710 rogat
1725 626 1798 683 et
1824 612 2204 711 supplicat.
2247 613 2387 684 Sed
2414 628 2532 699 tu,

402 750 689 824 quaese,
730 748 1223 811 commovere3
1266 738 1339 796 et
1363 721 1554 811 tuffi,
1591 748 1725 822 per
1759 723 1970 810 deoe,
2015 726 2293 820 inquit,
2335 722 2534 795 hunc

406 836 921 934 examplexare.
952 835 1309 905 Dominus
1334 848 1477 923 est3
1518 834 1686 905 vicit
1710 831 1832 905 hic
1856 848 1968 920 te,
1998 834 2204 905 vince
2229 847 2311 904 tu
2338 856 2533 904 nunc

402 948 745 1029 animum.
802 948 951 1016 Cur
1012 969 1163 1015 non
1216 941 1485 1015 desinis
1507 953 1565 998 ¹⁷
1589 996 1610 1031 ‚
1665 944 1905 1040 inquit
1927 996 1946 1028 ,
2009 968 2194 1015 uxor
2217 997 2237 1030 ‚
2293 942 2531 1040 loqui,

402 1080 559 1153 quae
586 1080 703 1127 me
725 1055 941 1152 digna
972 1080 1125 1125 non
1144 1054 1358 1127 sunt?
1388 1059 1606 1140 Tace,
1632 1069 1704 1125 et
1730 1078 1888 1151 quae
1917 1047 2302 1125 curanda¹⁸
2329 1067 2532 1136 sunt,

400 1191 587 1237 cura.
605 1170 715 1237 Tu
746 1189 977 1237 cessas
994 1174 1057 1225 ¹9
1078 1165 1255 1236 mihi
1281 1166 1534 1252 vitam,
1552 1162 1687 1235 tibi
1715 1188 2006 1236 omnem
2025 1162 2216 1237 bene
2243 1162 2534 1235 vivendi

402 1300 601 1373 spem
632 1299 789 1345 mea
820 1285 1057 1346 morte
1082 1274 1403 1372 eripere?
1435 1277 1580 1345 Iste
1607 1274 1984 1345 mulierem
2023 1273 2292 1372 repulit
2329 1273 2420 1345 ab
2454 1298 2530 1345 se

400 1385 909 1455 lamentantem
932 1412 948 1455 ε
970 1383 1113 1470 illi,
1156 1384 1398 1455 nescio
1428 1384 1606 1481 quid
1631 1385 2005 1483 incipienti
2025 1384 2294 1480 diocte,
2332 1384 2534 1481 quod

400 1494 699 1593 dignum
724 1494 1057 1566 videlicet
1084 1494 1275 1565 illius
1304 1496 1572 1566 virtute
1603 1510 1818 1582 esset,
1857 1491 2173 1592 gladium
2203 1498 2278 1566 in
2308 1496 2530 1567 latere

400 1604 719 1677 defixit».
766 1609 953 1676 Puto
998 1606 1079 1675 in
1116 1605 1259 1677 hoc
1301 1606 1638 1703 exemplo
1691 1604 1895 1677 datos
1938 1629 2092 1677 esse
2137 1606 2531 1701 unicuique

400 1740 771 1787 sermones
794 1714 883 1786 ad
914 1716 1335 1813 dignitatem
1365 1715 1981 1787 accommodatos:
2015 1713 2214 1811 quod
2241 1727 2534 1812 oportet

396 1827 471 1896 in
500 1826 719 1907 hoc²⁰
749 1851 1011 1923 genere
1034 1826 1441 1899 observare.
1472 1833 1659 1899 Sunt
1689 1831 1864 1899 item
1891 1828 2530 1899 sermocinationes

398 1952 953 2035 consequenteS‚
1000 1936 1139 2009 hoc
1172 1961 1400 2034 genus
1442 1965 1457 2007 ε
1499 1966 1533 2002 α
1557 1940 1739 2021 Nam
1777 1935 1953 2034 quid
1991 1952 2332 2033 putamus
2367 1937 2528 2011 illos

398 2048 752 2135 dicturos,
785 2052 843 2118 si
863 2049 1005 2119 hoc
1030 2046 1570 2145 judicaveritis?
1599 2051 1862 2119 Nonne
1889 2046 2026 2117 hac
2051 2071 2306 2119 omnes
2329 2063 2530 2121 uten-

400 2174 519 2229 tur
552 2160 879 2230 oratione
899 2160 975 2230 Ρ»
1009 2158 1291 2230 Deinde
1326 2156 1684 2253 subjicere
1719 2182 2156 2229 sermonem.

491 2273 671 2340 LIII.
728 2268 937 2367 (mn.)
982 2267 1517 2341 Conformatio¹
1567 2283 1712 2358 est,
1768 2292 1994 2366 quum
2041 2269 2324 2368 aliqua,
2364 2295 2524 2367 quae

396 2403 545 2448 non
579 2378 817 2468 adest,
845 2403 1155 2477 persona
1186 2378 1651 2477 confingitur,
1677 2381 1881 2476 quasi
1904 2378 2122 2468 adsit,
2153 2395 2278 2452 aut
2293 2406 2524 2477 quum

394 2513 507 2560 res
542 2505 767 2579 muta,
804 2505 930 2561 aut
957 2487 1435 2580 informi8‚.fit
1471 2490 1826 2586 eloquens
1859 2504 1932 2562 et
1961 2489 2262 2563 formata
2275 2503 2330 2579 ²,
2361 2506 2434 2563 et
2461 2494 2570 2614 eit

393 2720 449 2759 ut
482 2709 871 2776 subintelligatur
884 2711 937 2760 id
952 2710 1117 2771 verbi,
1136 2711 1273 2776 quod
1290 2711 1413 2762 mihi
1501 2729 1604 2762 esee
1621 2747 1638 2770 ‚
1662 2713 1826 2778 inquit
1844 2747 1860 2774 ,
1881 2714 2006 2764 vidit
2042 2714 2178 2764 ond.
2213 2715 2281 2763 Id
2301 2713 2440 2762 adest
2469 2714 2522 2762 in

392 2789 587 2853 quidem
616 2789 823 2837 videtur.
850 2784 1018 2840 Gaur.
1039 2818 1111 2828 —
1129 2791 1286 2840 Valde
1302 2791 1410 2856 pla·
1499 2791 1578 2842 ed.
1602 2792 1737 2841 Med.
1769 2795 1920 2856 ¹⁴98·

393 2876 469 2914 eet
488 2867 637 2916 lectio
662 2869 785 2916 Mss
810 2868 1074 2916 sententias
1090 2868 1301 2933 loqueris
1338 2887 1410 2918 se-

391 2947 603 2996 eundum
616 2947 741 2995 illud
752 2948 993 3004 Terentii,
1014 2969 1041 2990 α
1056 2949 1317 2998 sententias
1330 2949 1408 2996 lo-

391 3025 561 3090 quitur
584 3027 800 3074 earnifex
811 3049 853 3076 n.
880 3029 1007 3075 Eut.
1024 3054 1091 3064 —
1115 3030 1275 3092 Quam
1293 3027 1405 3078 leet.

391 3104 586 3154 Schiitz.
604 3105 828 3170 protulit.

462 3182 543 3234 16.
571 3187 641 3232 vu
657 3221 673 3241 ,
701 3201 895 3248 quaeso,
923 3201 1249 3244 eommovere;
1271 3197 1318 3234 et
1334 3197 1410 3247 eu,

388 3273 481 3312 ete.
503 3265 725 3313 Alterum
742 3276 793 3314 εει
808 3299 823 3326 ,
842 3265 905 3314 ad
926 3265 1182 3326 sicarium,
1204 3266 1410 3316 alterum

388 3341 451 3389 ad
474 3344 731 3407 conjugem
746 3379 762 3403 ‚
790 3356 846 3393 ut
867 3345 1005 3393 facile
1034 3345 1340 3410 intelligitur.

387 3455 395 3470 .
465 3437 547 3482 ¹⁷·
591 3423 685 3470 Cur
728 3440 829 3472 non
858 3424 1053 3473 desinis.
1082 3424 1215 3473 Oud.
1242 3441 1269 3473 e
1295 3425 1407 3474 leet.

387 3501 475 3548 Ms
497 3503 633 3550 Leid.
656 3503 779 3568 quid
791 3505 1123 3566 non,eonjieit
1143 3505 1260 3569 quin
1282 3506 1408 3554 desi-

386 3579 484 3637 nis,
501 3581 756 3645 eleganter.
770 3585 963 3640 Bnu.,—-
972 3585 1129 3648 Quem
1144 3584 1405 3634 lectionem

387 3657 585 3708 Sebiitz.
614 3659 767 3711 dedit.

460 3753 481 3786 ι
492 3739 671 3802 &Qua
689 3741 914 3790 curanda
932 3753 1063 3792 sunt.
1081 3744 1207 3805 Quae
1228 3758 1303 3791 ree
1325 3759 1409 3807 po-

383 3817 547 3879 stulat,
556 3835 667 3881 quae
680 3819 895 3870 officium
910 3839 937 3868 a
952 3831 1001 3869 te
1020 3833 1159 3871 tuum
1180 3822 1405 3886 reposcit·

458 3913 539 3959 19·
581 3899 651 3945 Tu
684 3915 863 3948 emas.
893 3904 1011 3950 Haee
1036 3900 1114 3948 vir
1145 3901 1307 3949 bonus
1344 3900 1408 3948 ad

382 3991 629 4025 sicarium.

455 4069 538 4104 πο.
573 4057 721 4120 Quod
752 4069 940 4121 oportet
977 4058 1028 4105 iu
1054 4057 1165 4106 hoc.
1209 4056 1403 4107 schiitz.

395 4153 417 4178 ιι
432 4132 481 4180 id
502 4134 637 4197 quod
660 4147 859 4200 oportet
884 4138 917 4184 i.
946 4138 1032 4186 ha·
1053 4143 1123 4188 Ita
1146 4138 1403 4202 legendum

1568 2873 1700 2921 LIII.
1735 2889 1780 2920 1.
1811 2869 2160 2934 Censor-mado.
2180 2874 2340 2935 Quam
2361 2873 2522 2920 Graeei

1495 2946 1888 3018 προσανπωτοιΐσιν
1926 2961 2122 3002 vocant.
2167 2952 2242 2998 De
2279 2967 2376 3014 qua
2411 2951 2524 2998 vide

1500 3030 1673 3093 Quint.
1695 3032 1798 3089 nt,
1826 3047 1877 3078 α.

1571 3125 1620 3158 2.
1660 3109 1738 3157 Fit
1779 3111 2010 3174 eloquens
2045 3108 2354 3174 ecfhrmuta.
2397 3111 2524 3160 Mss

1499 3187 1603 3236 Erf.
1621 3197 1669 3235 et
1683 3188 1866 3238 Cauch.
1892 3188 2008 3237 item
2027 3188 2159 3252 Lips.
2181 3187 2273 3237 «fit
2289 3189 2496 3253 loquens
2509 3226 2524 3248 ,

1499 3277 1548 3314 et
1565 3269 1612 3314 ei
1641 3267 1796 3316 forma
1835 3278 1884 3316 et
1909 3268 2142 3316 oration:
2173 3267 2310 3331 quod
2335 3269 2524 3333 recepit

1497 3347 1736 3396 Gravius.
1771 3347 1876 3411 Ego
1915 3347 2120 3410 loquens
2138 3383 2153 3409 ,
2191 3347 2328 3412 quod
2357 3358 2406 3396 et
2429 3349 2522 3398 MS

1498 3425 1684 3476 Winel.
1715 3437 1766 3474 et
1790 3426 1868 3474 ed.
1893 3426 2102 3475 mediol.
2124 3442 2205 3491 pr.
2224 3427 2397 3488 habet,
2417 3443 2521 3476 uon

1495 3505 1772 3569 repudiem:
1799 3505 1890 3554 etsi
1914 3505 2076 3570 eloqui
2101 3522 2196 3570 pro
2227 3506 2365 3571 loqui
2387 3507 2520 3570 apud

1495 3583 1729 3634 Nostrum
1752 3585 1898 3633 etiam
1919 3584 2038 3634 alibi
2065 3594 2153 3633 est.
2178 3585 2278 3632 Sed
2287 3583 2522 3647 formata

1497 3663 1692 3712 retineri
1739 3661 1913 3721 debet,
1939 3664 2054 3727 quia
2081 3657 2344 3726 respondet
2371 3665 2522 3712 verbo

1497 3739 1736 3806 informis.
1779 3742 1968 3790 Deinde
1993 3741 2248 3802 subjicitur
2288 3742 2440 3790 oracio
2469 3754 2520 3791 et

1497 3821 1627 3868 actio
1649 3837 1669 3867 .·
1691 3837 1900 3886 quorum
1923 3821 2046 3869 illud
2065 3820 2128 3870 ad
2146 3821 2400 3884 eloquens,
2421 3820 2518 3868 hoe

1495 3898 1560 3948 nd
1570 3897 1802 3964 formata
1828 3901 2050 3948 refertur.
2076 3901 2345 3949 Plurimum
2373 3901 2516 3947 refert

1386 4023 1395 4032 ,
1497 3979 1548 4026 in
1573 3979 1750 4028 talibus
1775 3979 2079 4028 considerare
2104 3980 2254 4026 totius
2281 3978 2516 4028 orationis

1497 4058 1718 4108 sormam.
1745 4060 1870 4107 Eun.
1887 4085 1956 4096 —
1973 4055 2168 4106 Schutz.
2191 4079 2216 4100 ιι
2229 4057 2288 4106 fit
2309 4057 2519 4122 loquens

1494 4148 1541 4185 et
1558 4138 1756 4186 formata
1767 4161 1808 4184 a.
