2982 4682
426 481 433 492 ,
496 426 635 497 290
1166 403 1259 468 Μ.
1314 401 1387 468 T.
1441 402 1924 469 cicssnoms

492 521 749 592 habeat
786 524 859 590 in
902 545 978 590 se
1010 525 1564 591 controversiam
1607 523 1682 591 in
1717 519 2024 592 dicendo
2063 521 2405 616 positam,
2449 528 2603 594 sine

493 647 845 702 certarum
868 655 1339 727 personarum
1364 631 1932 728 interpositione,
1953 628 2042 700 ad
2057 630 2252 701 hunc
2271 631 2565 704 modum
2587 661 2606 702 τ

486 773 520 806 α
552 740 824 838 Ecquid
870 743 959 810 sit
994 730 1319 811 bonum⁵
1350 754 1608 838 praeter
1649 741 2142 811 honestatem?
2173 743 2438 812 Vei-ine
2465 744 2608 812 sint

491 846 835 921 sensus6?
896 851 1073 938 Quae
1132 853 1221 920 sit
1278 849 1532 920 mundi
1577 847 1852 920 forma?
1885 851 2062 938 Quae
2115 849 2284 920 solis
2333 853 2608 948 magni-

492 959 765 1030 tudo?»
801 962 997 1049 Quas
1025 959 1453 1055 quaestiones
1493 959 1744 1055 procul
1779 956 1870 1028 ab
1903 960 2202 1032 orat'oris
2229 957 2471 1030 officio
2499 985 2606 1030 re-

494 1079 795 1154 motas7‚
846 1065 1047 1138 facile
1081 1092 1332 1138 omnes
1386 1067 1778 1164 intelligere
1829 1067 2334 1138 existimamus.
2379 1071 2604 1154 Nam,

492 1177 759 1276 quibus
796 1180 874 1248 in
916 1176 1135 1248 rebus
1178 1201 1457 1248 summa
1490 1179 1774 1274 ingenia
1815 1177 2412 1275 philosophorum
2449 1179 2606 1275 plu-

492 1293 679 1362 rimo
728 1313 895 1359 cum
946 1286 1193 1360 labore
1236 1303 1661 1383 consumpta
1701 1287 2190 1384 intelligimuS‚
2227 1311 2380 1374 ea8‚
2425 1289 2610 1360 sicut

492 1398 764 1494 aliquas
800 1415 1052 1493 parvas
1088 1419 1239 1479 τες,
1276 1398 1542 1465 oratori
1563 1393 1990 1484 attribuere,
2021 1421 2274 1494 magua
2297 1400 2609 1470 amentia

494 1506 791 1576 videtur.
824 1503 1039 1594 Quod
1066 1506 1124 1576 si
1150 1528 1479 1600 maguam
1512 1506 1586 1574 in
1623 1505 1735 1575 his
1752 1511 2218 1602 Hermagoras
2245 1505 2612 1577 habuisset

494 1614 933 1698 facultatem,
980 1613 1219 1685 studio
1260 1629 1333 1685 et
1362 1614 1738 1711 disciplina
1780 1631 2302 1712 comparatam,
2333 1616 2608 1688 videre-

496 1740 615 1794 tur
650 1721 874 1795 fretus
914 1749 1039 1794 sua
1076 1725 1403 1809 scientia,
1458 1723 1716 1796 falsum
1763 1726 2102 1822 quiddam
2163 1727 2610 1798 constituisse

494 1833 585 1904 de
637 1837 939 1904 oratoris
970 1831 1210 1904 officio
1230 1827 1263 1876 ⁸
1294 1861 1313 1920 3
1342 1849 1413 1904 et
1453 1861 1604 1906 non
1649 1835 1824 1932 quid
1862 1860 2005 1921 πε,
2062 1836 2184 1907 sed
2233 1837 2408 1933 quid
2451 1839 2604 1935 ipse

498 1960 770 2040 posset,
804 1945 1238 2042 exposuisse.
1274 1948 1487 2016 Nunc
1524 1969 1696 2015 vero
1735 1971 1814 2016 ea
1850 1946 1950 2014 vis
1983 1961 2089 2016 est
2125 1947 2252 2014 in9
2291 1946 2609 2032 homine,

500 2068 579 2124 ut
618 2057 682 2124 ei
728 2054 957 2124 multo
996 2054 1427 2124 rhetoricam
1474 2055 1684 2124 citius
1733 2056 1894 2152 quis
1954 2055 2332 2138 ademerit,
2393 2081 2610 2153 quam
2698 2051 2708 2058 ’

498 2163 1029 2262 philosophiam
1069 2167 1527 2234 concesserit.
1579 2167 1830 2260 Neque
1873 2162 1942 2232 id
1981 2189 2067 2234 eo
2106 2163 2268 2234 dico
2294 2175 2379 2250 ¹⁰,
2409 2166 2609 2262 quod

500 2275 655 2369 ejus
682 2300 831 2359 am,
869 2299 1087 2372 quam
1128 2275 1383 2363 edidit,
1422 2273 1600 2343 mihi
1647 2273 2184 2344 mendosissime
2225 2279 2489 2373 scripta
2519 2277 2614 2347 vi·

498 2386 791 2470 deatur3
832 2409 996 2455 nam
1030 2386 1197 2455 satis
1243 2388 1315 2455 in
1362 2409 1443 2455 ea
1479 2384 1764 2454 videtur
1793 2408 1882 2454 ex
1913 2385 2300 2480 antiquis¹¹
2339 2385 2613 2457 artibus

498 2622 717 2690 patetici,
730 2621 907 2685 inquit,
920 2606 1217 2684 philosophi,
1235 2632 1319 2669 aut
1334 2620 1514 2667 Acade·

500 2699 631 2761 mici,
646 2701 816 2748 dicunt
830 2716 1023 2771 omnem
1040 2700 1231 2747 clvilem
1244 2701 1514 2747 orationem

502 2782 549 2827 in
570 2780 747 2827 horum
765 2779 998 2827 alterutro
1019 2794 1190 2841 genere
1207 2780 1403 2835 versari,
1427 2788 1513 2825 aut

500 2858 713 2907 definitae
744 2860 1087 2907 controversiae
1114 2860 1255 2906 certis
1278 2858 1512 2923 tempori·

502 2938 589 2985 bus
617 2955 673 2985 ao
696 2940 816 2995 reis,
849 2950 931 2985 aut
959 2936 1149 2985 infinite
1186 2937 1248 2985 de
1283 2939 1511 2985 universo

502 3032 671 3079 genere
692 3017 950 3079 quaerentis
970 3038 1011 3063 ιι.
1050 3016 1189 3063 Adde
1216 3017 1320 3075 his,
1342 3016 1382 3062 si
1410 3017 1514 3079 pln-

500 3105 595 3149 cet‚
610 3096 779 3157 Quint.
800 3099 888 3151 m,
914 3097 1088 3151 53cic.
1104 3096 1234 3144 Part.
1264 3098 1321 3143 18
1341 3112 1354 3154 3
1376 3098 1508 3159 Top-

505 3191 531 3219 ἰ
547 3189 562 3219 ι
578 3209 588 3219 .
618 3175 1010 3235 -ραιτετὶοηεηι,
1035 3175 1111 3221 De
1135 3190 1185 3221 re
1214 3174 1325 3225 vide
1352 3175 1508 3223 Cicer.

504 3252 674 3301 Parad.
697 3256 734 3297 ῐ.
750 3252 884 3299 Nihil
903 3269 1003 3299 esse
1024 3252 1207 3299 bonum
1228 3264 1401 3317 pretet·
1420 3254 1512 3300 ho-

502 3342 689 3377 nestum
715 3331 865 3376 Stoici
886 3340 1075 3393 negant.

577 3411 623 3457 5.
660 3407 855 3471 Ecquid
884 3407 945 3455 sit
981 3408 1174 3456 bomem.
1212 3407 1426 3457 Additur
1460 3410 1511 3457 in

500 3489 606 3536 vita
634 3488 722 3535 MS
746 3488 839 3533 Ox.
862 3505 927 3547 ω,
954 3504 997 3546 ι,
1023 3484 1099 3534 ed.
1122 3486 1244 3533 Ven.
1272 3488 1510 3539 Cnsnerar.

496 3570 713 3615 Saum-z.

568 3647 619 3695 6.
656 3642 828 3691 Verine
852 3643 949 3691 sint
972 3650 1173 3691 sensus?
1196 3646 1267 3692 De
1284 3661 1385 3709 quo
1409 3647 1512 3694 dis·

500 3735 639 3789 putat
659 3740 717 3769 ex
750 3738 883 3769 more
906 3722 1302 3771 Academicorum
1322 3726 1371 3771 in
1392 3727 1514 3773 Aca-

497 3802 623 3851 dem.
662 3806 681 3848 1
704 3839 717 3861 ‚
745 3802 791 3849 8.
809 3804 1113 3865 Quamquam
1138 3804 1294 3849 oritur
1318 3821 1344 3851 a
1366 3805 1511 3852 sensi-

496 3882 611 3939 bus,
637 3897 733 3929 non
759 3880 1079 3939 estjudicium
1106 3882 1317 3927 veritatis
1340 3882 1389 3928 in
1405 3900 1514 3931 sen.

500 3962 633 4007 sibus
654 3976 665 4009 :
686 3972 891 4007 mentem
929 3959 1188 4007 ostendunt
1214 3976 1314 4007 esse
1349 3978 1510 4011 rerum

483 4038 717 4097 judicem.

563 4135 607 4179 7.
626 4115 799 4173 Officio
831 4128 1061 4163 remotas.
1090 4116 1343 4167 Sch-iitzius
1368 4122 1506 4171 addit

1601 2636 1714 2667 esse.
1738 2620 1888 2677 Nam,
1923 2622 2112 2685 inquit,
2150 2622 2452 2687 “intelligere
2481 2640 2614 2687 qnae·

1601 2698 1785 2745 stiones
1805 2710 2010 2747 remotas
2027 2722 2048 2743 a
2091 2700 2222 2747 aliud
2239 2712 2311 2748 est
2339 2714 2484 2765 atque
2505 2704 2616 2749 «in-

1602 2776 1812 2839 telligere
1826 2780 2115 2841 qnaestiones
2125 2790 2333 2827 remotas
2345 2798 2446 2829 esse
2455 2802 2492 2827 ι.
2502 2784 2534 2830 J
2535 2798 2614 2827 am

1599 2866 1734 2903 antea
1764 2858 1951 2905 Ernesti
1972 2870 2224 2907 monuerat
2245 2859 2370 2907 hanc
2389 2861 2612 2913 voculam

1601 2950 1770 2999 parum
1799 2937 2056 2985 commode
2077 2937 2261 2985 abesse.

1603 3032 1608 3037 ·
1671 3016 1720 3061 8.
1745 3017 1814 3062 De
1841 3016 2047 3063 oratoris
2074 3015 2262 3081 officio.
2293 3018 2420 3066 Cod.
2443 3018 2541 3067 Erf.
2565 3030 2614 3066 et

1598 3093 1780 3141 Cauch.
1805 3094 1986 3143 habent
2007 3116 2030 3135 u
2047 3094 2108 3141 de
2127 3097 2332 3143 oratoris
2347 3095 2554 3144 artificio
2567 3120 2614 3157 n,

1598 3170 1733 3233 quod
1763 3172 1941 3235 probat
1969 3175 2130 3221 (ἂι-ων.
2169 3174 2251 3221 sed
2275 3186 2438 3235 ‚nmen
2473 3188 2615 3225 antea

1599 3266 1796 3315 quoque
1815 3262 1887 3297 est
1914 3252 2122 3300 oratoris
2139 3252 2321 3319 ffcio.
2357 3257 2474 3301 Sca.

1671 3346 1720 3391 9.
1758 3331 1836 3377 Ea
1861 3330 1937 3377 vis
1966 3342 2036 3377 ese
2065 3332 2116 3379 in
2157 3331 2364 3380 homine.
2405 3334 2502 3381 Int.
2555 3334 2616 3381 de

1603 3408 1893 3471 Hermagora
1913 3425 2000 3457 :eo
2020 3410 2100 3457 ille
2121 3410 2318 3474 ingenio
2337 3423 2426 3459 est.
2449 3412 2560 3461 Sca.

1678 3504 1758 3537 xo.
1786 3489 1960 3551 Neque
1980 3489 2036 3535 id
2049 3506 2106 3537 eo
2127 3488 2256 3538 dico.
2279 3490 2346 3537 Id
2355 3490 2492 3553 quod
2513 3492 2614 3539 vul-

1599 3582 1664 3630 go
1687 3567 1854 3615 aberat
1889 3567 2142 3615 Schiitzius
2171 3570 2407 3628 inseruit,
2447 3571 2616 3634 quod.

1599 3646 1758 3709 inquit
1770 3680 1785 3703 ,
1805 3647 1858 3693 in
1873 3646 1964 3693 hac
1983 3645 2144 3710 phrasi
2164 3648 2336 3695 Cicero
2355 3664 2456 3697 non
2472 3650 2616 3697 omit·

1599 3726 1674 3771 tit.
1692 3752 1762 3761 —-
1793 3723 1913 3771 Dico
1955 3726 2090 3773 abest
2131 3744 2156 3775 a
2197 3728 2318 3777 MSS
2354 3728 2576 3791 pluribus
2599 3762 2614 3785 ‚

1599 3804 1740 3851 etiam
1761 3806 1892 3853 cass.
1915 3806 2011 3853 Gn.
2047 3820 2088 3861 1,
2117 3820 2172 3863 a,
2195 3817 2246 3853 et
2273 3805 2388 3855 edd.
2411 3824 2488 3869 pr.
2509 3808 2611 3855 Ad·

1599 3881 1724 3929 didit
1743 3881 1926 3939 Aldus;
1951 3894 1998 3929 et
2025 3894 2096 3929 est
2113 3900 2226 3931 saue
2248 3884 2418 3932 durior
2435 3884 2616 3949 ellipsis

1597 3960 1647 4007 h.
1673 3960 1705 4007 Ι.
1736 3962 1825 4007 Ms
1849 3964 1979 4009 Cass.
2002 3964 2144 4009 etiam
2171 3978 2269 4025 qno
2286 3962 2448 4009 habet.
2487 3965 2614 4009 Ean.

1675 4055 1690 4083 1
1709 4056 1750 4087 ι.
1775 4042 1856 4085 Ex
1879 4040 2091 4103 antiquis
2110 4040 2311 4089 artibus.
2332 4042 2455 4087 Cod.
2477 4042 2616 4091 Febr.

1595 4116 1942 4181 antiquissimis
1967 4122 2152 4168 arcibus
2174 4137 2191 4166 :
2212 4120 2436 4180 sortasse,
2455 4120 2614 4183 inquit
