2982 4682
504 350 649 439 460
1184 357 1283 423 M.
1330 358 1409 423 T.
1460 357 1940 427 clcERoms

508 474 585 541 in
612 472 759 542 alto
792 488 1175 569 tempestas
1206 488 1425 563 esset3
1468 478 1574 546 vis
1609 490 2028 563 ventorum,
2080 479 2318 547 invitis
2355 483 2623 563 nautis,
2707 548 2715 555 .

511 579 959 651 Rhodiorum
1004 584 1079 652 in
1124 598 1415 679 portum
1457 590 1694 655 navim
1731 586 1986 681 coegit.
2015 588 2348 676 Quaestor
2387 588 2620 657 navim

510 690 761 788 populi
799 706 1025 763 vocat.
1082 694 1293 763 Navis
1346 693 1682 765 dominus
1733 710 1946 791 negat
2000 695 2354 793 publicari
2405 720 2622 793 opor-

510 814 733 869 tere».
774 803 1087 871 Intentio
1128 816 1270 887 est,
1308 807 1690 876 «Rostrata
1745 805 1942 875 navis
1981 806 2056 874 in
2095 819 2315 901 portu
2363 803 2622 900 depre-

506 908 729 980 hensa
776 925 884 981 est
912 940 969 979 n.
1034 912 1379 1009 Depulsio
1434 929 1574 999 est,
1637 916 2026 985 concessio,
2088 916 2332 1001 Ratio,
2373 916 2508 981 «Vi
2552 927 2622 983 et

508 1022 909 1092 necessario
946 1046 1195 1093 sumus
1230 1024 1307 1093 in
1334 1038 1624 1121 portum
1659 1024 1883 1095 coacti
1903 1053 1958 1092 n.
1985 1020 2430 1094 Infirmatio³
2471 1036 2576 1093 est
2601 1076 2619 1103 ,

506 1158 539 1193 α
561 1132 813 1201 Navim
846 1156 931 1201 ex
969 1133 1125 1225 lege
1164 1148 1403 1203 tamen
1442 1133 1696 1231 populi
1741 1156 1896 1204 esse
1943 1146 2232 1231 oportet
2263 1162 2318 1202 ιο.
2347 1130 2623 1202 Indica·

508 1240 611 1309 tio
638 1256 787 1327 est,
838 1245 1136 1332 «Quum
1163 1254 1536 1313 rostratam
1579 1243 1812 1313 navim
1855 1243 1928 1311 in
1964 1256 2180 1339 portu
2226 1239 2620 1338 deprehen-

508 1374 659 1420 sam
704 1350 816 1421 lex
856 1350 1237 1447 publicarit
1254 1354 1714 1449 ⁴‚quumque
1739 1352 1896 1423 haec
1917 1353 2148 1437 navis,
2181 1352 2423 1421 invitis
2450 1374 2621 1419 nau·

510 1458 633 1538 tis,
673 1458 745 1525 vi
774 1460 1215 1555 tempestatis
1240 1460 1313 1530 in
1346 1476 1640 1557 portum
1677 1460 2004 1557 conjecta
2039 1463 2162 1549 sit;
2200 1473 2621 1556 oporteatne

514 1588 667 1637 earn
706 1566 1057 1662 publicari
1084 1600 1137 1639 n.

610 1674 892 1769 (χχιιι.)
939 1682 1215 1749 Horum
1264 1681 1479 1751 trium
1532 1677 1922 1777 generum⁵
1967 1678 2234 1749 idcirco
2281 1700 2510 1749 unum
2548 1679 2622 1747 in

511 1782 749 1853 locum
790 1788 1227 1857 contulimus
1255 1790 1611 1885 exempla,
1645 1788 1847 1885 quod
1872 1786 2126 1859 'similis
2166 1789 2240 1857 in
2275 1784 2408 1857 ea⁶
2451 1810 2622 1882 prae-

512 1893 748 2018 ceptio
792 1912 1378 2023 argumentorum
1422 1898 1745 1969 traditur.
1787 1903 1970 1971 Nam
2013 1900 2086 1967 in
2136 1896 2246 1967 his
2289 1894 2626 1967 omnibus

512 2006 867 2099 primum,
904 2006 1154 2102 siquid
1184 2032 1296 2078 res
1324 2010 1473 2105 ipsa
1499 2006 1698 2078 dabit
1727 2006 2112 2095 facultatis,
2149 2005 2622 2100 conjecturam

510 2110 758 2182 induci
784 2112 876 2185 ab
904 2129 1319 2187 accusatore
1342 2116 1749 2214 oportebit,
1785 2132 1869 2186 ut
1900 2116 2004 2203 id,
2039 2114 2238 2239 quod
2261 2114 2628 2184 voluntate

509 2218 774 2297 factum
807 2224 1211 2320 negabitur,
1238 2227 1576 2298 consulto
1613 2225 1882 2297 factum
1907 2278 1926 2311 ,
1953 2226 2360 2323 suspicione
2391 2223 2630 2319 aliqua

493 2328 1081 2422 demonstretur3
1119 2334 1381 2408 deinde
1411 2334 1758 2409 inducere
1797 2334 2290 2408 definitionem
2323 2335 2625 2405 necessi·

508 2439 815 2530 tudinis,
869 2458 994 2514 aut
1034 2469 1273 2528 casus,
1308 2461 1437 2516 aut
1471 2445 2010 2544 imprudentiae,
2063 2459 2138 2515 et
2177 2440 2499 2540 exempla
2537 2441 2624 2511 ad

512 2573 665 2620 eam
716 2550 1211 2626 definitionem
1248 2554 1678 2652 adjungere,
1717 2557 1792 2624 in
1839 2552 2107 2651 quibus
2147 2552 2629 2649 imprudentia

510 2655 724 2730 fuisse
760 2659 1111 2750 videatur,
1154 2679 1277 2734 aut
1309 2688 1550 2752 casus,
1601 2679 1728 2736 aut
1757 2661 2250 2746 necessitud0‚
2289 2658 2480 2730 et-ab
2517 2658 2628 2728 his

509 2766 581 2838 id
604 2822 625 2856 ,
662 2771 859 2866 quod
910 2797 1077 2843 reus
1118 2772 1409 2862 inferat,
1454 2795 1788 2872 separare
1811 2783 1836 2828 ⁷
1889 2771 2017 2870 [id
2071 2785 2210 2858 est,
2249 2767 2628 2840 ostendere

514 2975 610 3012 tur.
634 2967 690 3012 In
712 2982 813 3030 rep·
842 2969 969 3016 enim
996 2967 1053 3017 fit
1071 2969 1151 3017 illa
1170 2969 1307 3017 navis
1328 2969 1522 3034 populi,
1610 2967 1744 3016 abest
1769 2983 1796 3014 a
1820 2967 1908 3015 MS
1927 2967 2074 3013 Voss.
2097 2965 2263 3012 Potest
2281 2977 2393 3010 anne
2415 2976 2632 3008 οοιιιιιιο-

512 3041 643 3090 nude
676 3045 933 3109 populien,
967 3047 1020 3094 id
1056 3059 1157 3108 ent,
1174 3047 1426 3111 -publieag
1470 3049 1522 3094 in
1613 3047 1674 3095 de
1694 3045 1878 3094 abesse.
1897 3045 2031 3093 Eun.

512 3137 663 3185 regno
705 3123 1045 3187 imperatorum
1060 3159 1075 3182 ,
1116 3126 1350 3190 redigitur
1386 3128 1439 3174 in
1472 3125 1527 3172 fi·
1687 3141 1737 3186 7.
1758 3127 1998 3188 Separat-e
2024 3121 2114 3186 [id
2131 3132 2203 3169 est
2219 3155 2233 3180 ,
2255 3119 2506 3167 ostendere
2531 3117 2632 3166 dis·

516 3215 670 3248 ocum.
693 3201 869 3250 Wan.
930 3215 933 3220 ·
1613 3205 1809 3268 simile}
1835 3201 1996 3250 Verba
2018 3201 2104 3249 «id
2135 3210 2206 3247 est
2223 3235 2238 3260 ,
2265 3197 2514 3246 ostendere
2532 3195 2634 3243 dia·

588 3279 636 3328 3.
672 3279 935 3346 Infirmaa'o
969 3293 1039 3329 ese
1058 3315 1071 3328 .
1093 3316 1105 3329 .
1128 3316 1139 3330 .
1161 3281 1409 3346 judicatio
1444 3292 1529 3330 est.
1618 3282 1772 3331 simile
1796 3303 1845 3340 ιι,
1879 3282 1982 3328 aine
2010 3279 2165 3328 ‘lubio⁴
2197 3287 2308 3325 snut
2337 3274 2632 3339 glosatorio.

512 3359 736 3420 Utroque
752 3359 865 3406 loco
884 3359 999 3408 Sch.
1021 3359 1149 3409 delet
1170 3360 1389 3410 voculam
1408 3373 1494 3410 est.
1617 3363 1742 3412 Nam
1770 3361 1896 3408 sicut
1937 3359 2135 3407 verbum
2159 3357 2436 3418 ‘adjungere
2453 3388 2468 3412 ‚
2497 3353 2636 3417 quod

585 3437 989 3501 4.Deprehensam
1007 3441 1091 3488 Iex
1102 3439 1383 3504 publicarit.
1396 3445 1534 3489 Lam-
1619 3439 1770 3489 verbo
1789 3455 2018 3504 separare
2031 3447 2101 3484 est
2117 3436 2430 3494 contrarium,
2445 3447 2638 3495 semper

516 3515 619 3564 bini
661 3517 813 3565 editio
849 3541 873 3561 α
891 3519 971 3568 lex
1004 3519 1173 3579 iubeat
1211 3519 1451 3583 publicari
1471 3541 1498 3561 ι·
1514 3555 1530 3580 ,
1619 3519 1748 3566 nude
1789 3519 2004 3582 ponitur,
2039 3517 2141 3563 sine
2177 3512 2500 3577 explicatione
2520 3545 2535 3568 ‚
2579 3519 2639 3558 nt

515 3596 600 3644 sed
626 3596 869 3660 vulgatam
888 3610 1080 3647 servant
1098 3597 1215 3646 Pall.
1236 3611 1346 3646 tres.
1362 3602 1532 3648 Gurr.
1618 3597 1785 3662 paullo
1808 3607 1951 3655 ante3
1973 3596 2044 3642 sic
2063 3605 2109 3642 et
2129 3606 2374 3656 separare.
2397 3593 2440 3635 A
2461 3588 2638 3656 defini—

590 3677 639 3723 5.
664 3677 847 3722 Horum
880 3677 1025 3724 trium
1053 3693 1299 3741 generum.
1336 3680 1530 3742 Impru-
1619 3677 1750 3725 tioeaee
1769 3673 1963 3740 aliquid
1977 3689 2211 3737 separare
2237 3680 2307 3717 est
2327 3667 2525 3726 docere,
2551 3665 2639 3713 de-

516 3754 719 3811 dendas,
746 3771 904 3814 casus,
937 3757 1320 3805 necessitudinis.
1620 3755 1892 3804 finitionem
1917 3753 2038 3800 inid
2065 3767 2164 3798 non
2189 3749 2372 3796 cadere.
2389 3747 2450 3793 Et
2464 3744 2641 3791 melius

587 3835 639 3880 6.
657 3833 835 3882 similis
854 3835 903 3882 in
918 3851 974 3883 ea
994 3850 1072 3900 pr.
1098 3851 1287 3900 argum.
1310 3835 1535 3884 traditur.
1625 3838 1688 3883 ita
1717 3833 1964 3897 sequentia
1979 3867 1993 3889 ‚
2014 3830 2150 3895 quod
2169 3863 2184 3888 ,
2227 3839 2318 3875 etc.
2343 3841 2452 3873 cum
2487 3822 2640 3869 verbo

518 3913 577 3958 In
600 3927 658 3958 ea
675 3945 689 3970 ,
710 3928 780 3961 sc.
812 3929 981 3976 genera
996 3949 1011 3972 ‚
1038 3916 1275 3978 exquisita
1300 3914 1538 3962 latinitate
1625 3928 1855 3978 separare
1871 3911 2092 3959 coibunt.
2121 3909 2250 3956 En.
2265 3931 2336 3943 --
2357 3903 2470 3951 Soh.
2487 3901 2636 3949 verb·

519 4001 615 4045 est,
648 3991 711 4038 nd
736 3994 942 4041 modum
968 4010 1137 4042 eornm
1170 3993 1532 4042 tractandorum
1624 3992 1849 4040 Ernestio
1859 3999 2081 4052 suspecta
2091 3987 2293 4038 omnino
2313 3982 2510 4040 delevit,
2523 3995 2638 4045 pro·

520 4071 925 4131 cogno-cendum.
971 4076 1085 4121 Vox
1130 4083 1531 4138 argumentorum
1624 4071 1767 4119 hante
1786 4067 2047 4119 Wetzelio.
