2982 4682
361 322 500 406 248
551 345 556 356 ·
940 322 950 333 '
1045 323 1142 390 M.
1193 325 1271 390 Τ.
1319 323 1806 392 CICERONIS

354 432 690 528 fuerunt,⁸
733 441 1081 522 diximus,
1127 441 1741 531 demonstranteS,
1784 443 2481 538 argumentationem

356 550 970 650 quemadmodum
1011 551 1446 624 concludere
1484 567 1837 651 oporteat.
1888 556 1973 623 In
2025 553 2163 624 hoc
2207 554 2481 628 libro¹⁷

357 662 771 744 docuimus»,
807 660 1214 758 cujusmodi
1249 678 1436 734 esset
1477 665 1851 734 exornatio
1886 662 2125 750 verbi,
2160 666 2277 736 cui
2320 681 2495 736 con-⁹

355 773 656 844 clusioni
687 797 960 842 nomen
997 787 1125 843 est.
1705 836 1712 843 .

452 885 701 953 XLIV.
751 887 940 978 Ergo
976 881 1394 976 hujusmodi
1429 882 1893 954 vehementer
1932 898 2183 955 ornata
2214 885 2481 981 poterit

357 1015 510 1062 esse
547 991 930 1088 expolitio,
976 1017 1138 1089 quae
1175 992 1533 1063 constabit
1570 1018 1655 1064 ex
1686 991 2195 1089 frequentibus
2226 993 2477 1064 verbo-

357 1125 522 1170 rum
547 1100 1142 1172 exornationibus
1171 1117 1242 1172 et
1269 1104 1809 1175 sententiarum.
1832 1107 1989 1174 Hoc
2014 1101 2235 1174 modo
2264 1105 2483 1200 igitur

355 1226 630 1308 septem
680 1209 1050 1309 partibus¹
1125 1211 1565 1283 tractabitur.
1620 1211 1759 1283 Sed
1820 1211 1916 1283 ab
1954 1212 2277 1309 ejusdem
2324 1236 2481 1282 sen-

353 1325 598 1392 tentiae
667 1346 816 1391 non
875 1319 1345 1392 recedemus²
1406 1321 1780 1419 exemp10,
1838 1337 1920 1392 ut
1976 1325 2159 1392 scire
2210 1322 2435 1420 possis
2457 1376 2477 1409 ‚

354 1455 572 1527 quam
611 1428 816 1501 facile
852 1430 1332 1527 praeceptione
1365 1429 1721 1501 rhetorica
1757 1456 1873 1502 res
1900 1431 2203 1528 simplex
2244 1431 2480 1502 multi·-

355 1541 526 1637 plici
569 1541 849 1610 ratione
901 1553 1267 1611 tractetur.
1319 1569 1354 1604 α
1404 1542 1702 1639 Sapiens
1756 1541 2039 1612 nullum
2095 1565 2229 1638 pro
2268 1565 2482 1637 repu-

351 1648 542 1723 blica
577 1649 982 1746 periculum
1001 1649 1290 1738 vitabit3
1315 1650 1480 1721 ideo
1519 1651 1718 1748 quod
1750 1676 1938 1749 saepe
1958 1653 2070 1738 fit,
2092 1666 2211 1737 ut,
2250 1676 2477 1748 quum

354 1785 489 1859 pro
522 1759 892 1857 republica
937 1761 1172 1857 perire
1216 1761 1568 1848 noluerit,
1606 1764 2005 1833 necessario
2048 1785 2211 1831 cum
2262 1786 2475 1858 repu-

353 1870 542 1941 blica
579 1885 844 1968 pereat.
899 1873 987 1941 Et
1017 1874 1374 1966 quoniam·
1403 1885 1571 1941 sunt
1614 1873 1857 1940 omnia
1886 1869 2264 1941 commoda
2300 1895 2481 1966 apa·

351 1984 490 2052 tria
532 1995 856 2076 accepta,
893 1981 1172 2051 nullum
1228 1981 1771 2052 incommodum
1824 2005 1955 2079 pro
1996 1985 2226 2078 patria
2266 2005 2479 2077 grave

351 2089 758 2188 putandum
795 2103 921 2160 est.
965 2095 1157 2186 Ergo
1199 2097 1328 2188 qui
1368 2091 1653 2189 fugiunt
1686 2090 1761 2162 id
1807 2091 2251 2188 periculum,
2279 2089 2481 2186 quod

351 2222 488 2296 pro
531 2197 903 2295 republica
957 2199 1418 2272 subeundum
1479 2217 1626 2288 est,
1672 2200 1888 2270 stulte
1940 2199 2231 2271 faciunt.
2296 2205 2477 2272 Nam

349 2333 592 2407 neque
635 2307 950 2405 effugere
993 2309 1455 2382 incommoda
1505 2323 1839 2409 possunt,
1870 2322 1942 2381 et
1976 2309 2236 2407 ingrati
2266 2309 2343 2379 in
2376 2311 2476 2380 ci-

347 2422 638 2491 vitatem
685 2420 1167 2514 reperiuntur.
1219 2426 1306 2491 At
1327 2475 1346 2507 ,
1381 2426 1510 2518 qui
1544 2423 1790 2518 patriae
1832 2418 2151 2515 pericula
2178 2443 2311 2489 suo
2346 2442 2475 2515 pe-

347 2530 579 2601 riculo
606 2542 956 2627 expetunt
979 2526 1031 2612 ³,
1063 2528 1139 2600 hi
1175 2532 1531 2627 sapientes
1569 2528 1873 2627 putandi
1902 2543 2106 2613 sunt,
2146 2553 2371 2624 quum
2406 2543 2481 2599 et

351 2664 557 2727 eum,
597 2664 814 2735 quem
849 2637 1156 2729 debent,
1189 2638 1989 2734 honorenLreipublicae
2022 2635 2375 2723 reddunt,
2404 2651 2479 2707 et

425 2870 579 2929 17.1n
605 2868 698 2916 Ιιοσ
719 2868 919 2917 libro...
946 2866 1120 2915 nomet't
1139 2877 1224 2914 est.
1249 2868 1367 2913 Hae

347 2946 488 3006 ejecit
519 2945 814 2994 Lambinus:
841 2962 931 2993 nec
961 2946 1146 2993 alienus
1170 2960 1278 2991 sum
1305 2944 1366 2990 ab

347 3024 450 3084 ejus
467 3026 720 3073 sententis.
740 3026 790 3073 Si
809 3027 1017 3087 genuina
1040 3034 1176 3083 sunt,
1197 3023 1390 3071 saltem·

345 3102 492 3151 verbi
515 3102 772 3150 delendum
798 3112 894 3163 est,
917 3118 1208 3166 quamquam
1226 3112 1299 3150 est
1317 3104 1366 3149 in

347 3194 522 3245 genere
563 3180 890 3229 exornationis
931 3181 1207 3227 verborum.
1229 3183 1361 3229 Ean.

345 3285 418 3297 --·
435 3256 632 3307 Schiitz.
653 3259 752 3305 hoc
779 3257 972 3315 delevit,
990 3259 1172 3318 injusto
1190 3260 1365 3322 postli-

347 3338 530 3397 minio,
566 3347 628 3384 ut
655 3337 750 3393 ait,
781 3353 810 3382 a
833 3336 1186 3383 recentioribus
1223 3336 1366 3385 redu-

347 3416 686 3465 etum—Non
707 3426 830 3478 puto
843 3446 858 3471 ,
876 3428 988 3461 nam
1005 3413 1110 3461 haec
1127 3414 1192 3461 ad
1207 3417 1364 3477 quarti

341 3494 459 3545 libri
481 3510 588 3558 cap.
611 3495 678 3541 30
709 3492 1005 3555 respiciunu
1023 3494 1271 3556 superiora
1301 3492 1365 3541 ad

343 3575 522 3623 librum
545 3571 832 3621 secundum.

414 3652 593 3703 xmv.
627 3668 649 3699 r
663 3688 676 3699 .
704 3652 891 3715 Septem
915 3651 1138 3713 panibus
1181 3643 1366 3701 wacta-⁵

345 3733 487 3783 bitur.
511 3730 706 3781 Scilicet
719 3764 734 3787 ,
756 3730 972 3791 subjecta
999 3730 1183 3779 ratione
1200 3766 1214 3791 ‚
1243 3748 1362 3796 pro·

345 3814 570 3861 nunciata
590 3811 824 3860 sententia
842 3844 858 3869 ,
881 3824 992 3857 cum
1015 3810 1266 3859 sententiae
1289 3826 1361 3857 ra-

343 3892 506 3949 tione,
532 3890 682 3939 allato
703 3890 980 3947 contrario,
1009 3889 1181 3946 simili,
1197 3905 1365 3938 exem-

341 3969 430 4033 plo
445 4004 460 4029 ,
488 3969 817 4019 conclusione.

415 4064 470 4099 a.
490 4049 610 4097 Non
643 4049 926 4101 recedimus.
968 4048 1048 4097 Sic
1083 4059 1134 4097 et
1160 4048 1286 4097 MSS
1311 4058 1360 4095 et

1455 2858 1570 2907 edd.
1602 2868 1735 2919 ¹474
1760 2858 1966 2908 mediol.
1996 2874 2073 2922 pr.
2113 2856 2263 2921 idque
2304 2855 2475 2905 melius

1456 2954 1599 3001 quam
1639 2938 1951 2996 recedamus,
1993 2947 2048 2984 nt
2092 2934 2229 2982 facile
2270 2935 2478 2999 quisque

1453 3018 1647 3065 sentiet.
1676 3018 1894 3065 Euam.
1915 3042 1986 3053 —-
2004 3016 2083 3063 Ab
2122 3013 2339 3078 ejusdem
2366 3030 2475 3061 sen·

1452 3095 1618 3143 eeneioe
1636 3096 1875 3157 exemplo.
1888 3094 1947 3143 Id
1970 3106 2060 3150 est,
2082 3092 2143 3140 ab
2164 3110 2219 3139 ea
2238 3092 2472 3140 sententis

1451 3190 1565 3238 qua
1604 3175 1845 3239 superiori
1888 3175 2046 3237 capite
2088 3170 2314 3234 exemplo
2342 3170 2433 3217 fuit
2455 3186 2470 3217 ε

1451 3270 1627 3318 nempe
1684 3253 1854 3317 patriae
1906 3250 2101 3300 utilitati
2160 3250 2323 3299 omnis
2372 3264 2475 3297 essa

1451 3332 1804 3399 posthabenda.

1455 3400 1472 3409 ⁵
1529 3414 1577 3461 3.
1616 3414 1712 3460 Suo
1748 3411 1970 3477 periculo
2014 3420 2260 3474 expetam.
2310 3410 2475 3455 Here&

1455 3490 1683 3541 Graevius
1706 3492 1759 3540 in
1778 3492 1873 3539 hoc
1899 3491 2079 3548 verbo,
2108 3500 2157 3537 et
2183 3487 2331 3550 recipi
2365 3484 2475 3533 vult

1451 3570 1712 3620 lectionem
1740 3572 1937 3619 alteram
1965 3568 2201 3617 librorum
2228 3582 2321 3613 scr.
2340 3561 2476 3611 exci-

1447 3648 1611 3714 pt'mtc.
1632 3648 1729 3698 Sed
1752 3666 1851 3697 non
1868 3647 2079 3696 arbitror
2097 3660 2198 3693 esse
2220 3643 2287 3693 ita
2308 3658 2473 3691 neces·

1451 3730 1652 3789 sarium,
1688 3738 1745 3776 ut
1770 3726 1855 3775 ille
1896 3727 2113 3791 putabat.
2140 3726 2191 3773 si
2218 3738 2477 3787 possumus

1451 3808 1665 3861 «offerre
1688 3821 1784 3854 nos
1808 3804 2072 3870 perieulis·
2092 3820 2185 3869 pro
2210 3802 2363 3867 patris
2381 3832 2397 3858 ,
2415 3817 2473 3851 es

1451 3888 1597 3936 etism
1622 3895 1873 3949 expetere,
1901 3883 2033 3931 adire
2050 3916 2065 3937 ,
2087 3896 2337 3946 capessere
2354 3894 2473 3942 pos-

1450 3981 1633 4013 sumus.
1654 3964 1779 4012 Vide
1806 3964 1937 4011 viros
1964 3961 2133 4008 doctos
2157 3960 2215 4007 sd
2243 3956 2476 4011 Livium..
2572 4020 2585 4030 .

1449 4042 1535 4093 lib.
1562 4044 1747 4104 XXX,
1776 4042 1851 4092 18.
1878 4042 2092 4089 Eun-r.
