2982 4682
772 349 898 417 AD
946 347 1527 434 HERENNIUM‚
1578 349 1847 418 LIBER
1890 351 2033 434 w,
2082 371 2195 442 «η.
2410 373 2551 446 219

415 482 798 565 postquam
842 471 954 539 isti
1000 475 1362 555 vicerunt,
1406 484 1627 568 atque
1665 470 1847 540 adeo
1892 472 2058 541 victi
2098 485 2271 542 sunt
2318 499 2334 542 τ
2389 496 2545 543 eam

417 577 792 673 quomodo
816 575 850 622 ⁶
889 580 1260 650 victoriam
1311 581 1704 678 appellem,
1747 605 1907 678 quae
1953 579 2345 653 victoribus
2386 583 2550 680 plus

417 687 856 778 calamitatis,
873 713 1093 786 quam
1117 688 1322 776 boni,
1347 690 1627 762 dederit
1643 690 1855 760 Pn—-a
1878 695 1943 760 O
1967 691 2291 761 virtutis?
2307 717 2551 764 comes

415 797 683 868 invidia
713 851 732 884 ‚
781 823 944 894 quae
1007 797 1250 871 bonos
1314 801 1715 898 insequeris
1799 799 2228 898 plerumque
2254 854 2273 887 ,
2336 817 2551 899 atque

418 906 598 977 adeo
617 913 988 980 insectaris
1007 911 1084 979 Ρ»
1115 915 1634 982 Commovetur
1651 910 1793 982 hoc
1826 935 2091 1008 genere
2110 912 2391 982 animus
2421 936 2549 982 au-

418 1016 690 1090 ditoris,
729 1025 874 1090 Res
909 1022 1100 1092 enim
1137 1022 1507 1093 communi
1538 1020 1761 1092 verbo
1798 1019 2013 1106 elata,
2048 1020 2553 1092 tantummodo

417 1128 608 1200 dicta
654 1128 988 1201 videtur:
1026 1146 1138 1203 ast
1175 1157 1256 1203 ea
1300 1148 1466 1230 post
1508 1127 1776 1231 ipsius⁸
1814 1130 2119 1201 oratoris
2160 1132 2553 1202 correctio-

418 1263 626 1325 nem,
681 1243 906 1336 magis
947 1239 1256 1313 idone-29
1315 1240 1399 1312 fit
1451 1243 2069 1340 pronuntiatione.
2122 1243 2289 1312 Non
2335 1241 2555 1338 igitur

419 1349 640 1420 satius
668 1365 854 1421 esset
879 1361 964 1439 ¹⁰,
990 1351 1183 1424 dicet
1209 1353 1469 1451 aliquis
1487 1407 1507 1439 ‚
1525 1351 1617 1423 ab
1643 1352 1848 1422 initio
1866 1407 1885 1440 ,
1903 1353 2294 1448 praesertim
2322 1375 2552 1447 quum

419 1457 725 1546 scribaS‚
759 1459 846 1530 ad
900 1464 1259 1558 optimum
1302 1478 1376 1534 et
1421 1462 1931 1534 electissimum
1980 1459 2285 1532 verbnm
2337 1461 2553 1532 deve-

419 1569 623 1639 nire?
651 1573 812 1655 Est,
851 1597 1080 1669 quum
1119 1599 1270 1645 non
1309 1589 1416 1646 est
1445 1575 1705 1659 satim,
1746 1573 1805 1644 si
1841 1573 2313 1644 commutatio
2351 1568 2554 1642 verbi

421 1678 495 1749 id
533 1681 670 1751 erit
711 1681 1320 1772 demonstratura,
1355 1683 1710 1780 ejusmodi
1744 1709 1897 1755 rem
1936 1707 2127 1773 esse,
2163 1697 2286 1770 ut,
2323 1707 2555 1778 quum

423 1817 580 1864 eam
616 1801 988 1868 communi
1020 1796 1246 1868 verbo
1283 1796 1665 1894 appellaris
1688 1851 1707 1884 ,
1742 1795 1969 1867 levius
2008 1793 2272 1866 dixisse
2308 1794 2555 1865 videa—

421 1904 554 1990 ris;
591 1929 819 2000 quum
865 1904 957 1976 ad
1008 1906 1302 1979 electius
1350 1905 1655 1976 verbum
1702 1904 2036 1989 accedam,
2085 1905 2555 2000 insigniorem

419 2035 572 2082 rem
611 2011 844 2085 facias.
889 2015 1108 2106 Quod
1143 2021 1201 2087 si
1239 2016 1591 2086 continuo
1620 2017 1937 2086 venisses
1980 2012 2070 2083 ad
2105 2013 2179 2083 id
2215 2013 2555 2100 verbum,

341 2137 359 2148 ·
422 2146 556 2193 nec
588 2128 729 2209 rei,
769 2150 905 2196 nec
941 2124 1142 2197 verbi
1177 2127 1400 2222 gratia
1437 2125 1927 2197 animadversa
1956 2138 2164 2194 esset.

519 2236 809 2306 XXVII.
833 2235 1122 2332 (xxvn.)
1149 2237 1553 2335 Occupatio
1582 2249 1692 2308 est
1712 2246 1762 2322 ¹,
1788 2259 2020 2332 quum
2046 2233 2351 2304 dicimus
2368 2287 2387 2317 ,
2422 2259 2557 2304 nos

419 2414 582 2463 adhuc
599 2451 616 2477 ,
647 2416 814 2465 nescio
835 2418 946 2481 quis
965 2418 1161 2483 Caepola
1189 2418 1413 2468 emendat
1428 2452 1444 2479 ,
1534 2418 1683 2467 modo
1698 2453 1714 2478 ,
1739 2430 1797 2468 ut
1824 2418 1918 2479 ait,
1941 2417 2139 2466 brevior
2160 2426 2235 2465 est
2249 2417 2400 2472 lectio
2424 2429 2473 2465 et
2490 2420 2563 2466 ef·

428 2516 451 2539 ι
474 2496 515 2542 si
533 2496 795 2544 invenisset
813 2498 1071 2547 modum».
1094 2500 1329 2547 Nostrum
1343 2498 1444 2547 he·
1531 2496 1753 2549 ficaeior.

420 2584 496 2622 ret
519 2575 572 2622 in
599 2574 840 2639 plerisque
859 2577 1134 2641 impressis,
1155 2576 1444 2643 firmantque
1604 2596 1653 2643 9.
1692 2578 1855 2643 Magis
1886 2576 2022 2627 idon.
2039 2576 2113 2645 fit
2134 2574 2553 2641 pronunciatione.

421 2654 540 2701 Pali.
565 2655 659 2701 nisi
693 2656 828 2718 quod
868 2657 1096 2705 nonnulli
1127 2658 1318 2724 «immo
1347 2672 1436 2705 au·-

421 2733 604 2782 nuisset
629 2734 780 2783 modo
795 2753 851 2795 ις
875 2737 998 2785 nihil
1021 2738 1178 2801 pejus.
1197 2738 1366 2785 Gaur.

492 2812 542 2859 6.
572 2814 704 2862 Nam
731 2827 996 2880 postquam
1021 2816 1104 2864 isti
1127 2814 1432 2866 vicerunt...

421 2908 532 2940 eam
562 2893 824 2957 quomodo.
859 2896 954 2943 Pro
988 2911 1098 2943 eam
1134 2897 1290 2944 forma
1320 2895 1440 2960 legi-

421 2972 536 3019 tima
560 2973 670 3021 talis
689 2975 1008 3023 correctionis
1025 2975 1265 3023 desiderat
1287 2992 1406 3023 nam
1419 3009 1436 3031 ‚

422 3062 472 3099 et
493 3052 577 3099 vix
595 3068 790 3100 manum
814 3053 1028 3101 abstinui
1048 3070 1077 3102 a
1104 3055 1437 3105 correctione:
1487 3072 1490 3077 ·

423 3147 597 3195 nempe
636 3142 798 3195 potest
831 3132 913 3180 hic
951 3133 1226 3181 discessisse
1261 3133 1324 3182 ah
1350 3150 1404 3181 ea
1423 3166 1440 3191 ‚

422 3212 536 3274 quia
573 3211 734 3259 statim
766 3212 1016 3274 praecessit
1050 3228 1184 3262 narn.
1214 3216 1342 3261 Eut.
1369 3238 1442 3250 -

423 3289 537 3337 Sch.
572 3306 688 3338 nam
725 3300 836 3339 ante
871 3302 1131 3356 postquam
1159 3292 1338 3341 delevit
1353 3326 1366 3351 ‚
1394 3304 1442 3340 et

423 3384 514 3432 pro
554 3386 666 3417 eam
701 3371 840 3419 dedit
882 3388 1028 3433 nam,
1071 3372 1208 3435 quod
1249 3372 1408 3435 aptius
1427 3407 1444 3432 ,

421 3446 584 3511 inquit
599 3482 615 3507 ‚
633 3464 690 3497 ac
717 3450 974 3498 rotundius
999 3449 1211 3515 vulgata.

497 3544 544 3585 7.
567 3530 612 3575 Ο
626 3528 828 3576 virtutis
847 3546 1021 3577 comes.
1061 3528 1174 3579 Seh.
1193 3552 1218 3571 ι
1232 3530 1346 3577 item
1364 3564 1379 3588 ,
1415 3545 1446 3577 ο

423 3604 620 3655 virtutis
647 3622 810 3654 comes
826 3628 869 3654 ιο.
912 3610 1059 3669 Item,
1087 3608 1247 3672 iuquit
1266 3644 1281 3667 ,
1319 3608 1447 3656 inse·

421 3685 515 3732 rui.
539 3687 624 3733 Est
651 3686 780 3733 enim
807 3686 942 3735 aliud
969 3688 1246 3754 exemplum
1263 3723 1278 3748 ,
1310 3687 1446 3751 quod

422 3764 657 3827 sequitur.

496 3844 545 3890 8.
567 3848 658 3891 Ast
674 3860 736 3891 ea
745 3854 860 3908 post
876 3844 1046 3909 ipsius.
1065 3845 1307 3909 Reposnit
1323 3844 1448 3893 illud

421 3932 506 3969 ast
520 3923 761 3971 Gruterus
781 3939 808 3971 e
824 3924 967 3973 Mss.
982 3924 1164 3972 Contra
1186 3924 1449 3973 Lambinus

425 4000 636 4049 detraxit
658 4002 883 4050 voculam
917 4018 995 4050 ea.
1043 4004 1306 4051 Gruterum
1333 4004 1445 4052 Ern.

423 4091 658 4142 sequutus
703 4090 790 4129 est.
837 4080 950 4129 Sch.
987 4080 1272 4137 Lambinum
1293 4116 1308 4140 ,
1348 4098 1448 4146 quo

1532 2657 1647 2707 Sch.
1672 2658 1865 2721 «magis
1889 2657 2095 2721 insignis
2128 2658 2305 2705 idonea
2342 2653 2401 2702 fit
2437 2670 2556 2718 pro-

1527 2736 1837 2786 nuntiatione
1862 2757 1907 2783 ·.
1927 2735 2079 2799 Quod
2103 2734 2289 2783 inserui
2314 2732 2526 2798 insignis
2543 2769 2560 2793 ,

1530 2815 1691 2880 inquit
1708 2852 1722 2876 ,
1774 2817 1919 2865 facile
1979 2814 2211 2879 probabit
2264 2812 2561 2877 quicumque

1530 2912 1712 2943 nexum
1747 2894 1981 2943 orationis
2010 2893 2329 2959 perspexerit.
2368 2892 2563 2940 Idonea

1523 2972 1623 3033 jam
1650 2973 1710 3022 fit
1733 2974 1993 3022 ablativus.

1608 3070 1687 3102 xo.
1735 3054 1849 3101 Non
1884 3052 2032 3119 igitur
2074 3050 2229 3099 satius
2273 3060 2417 3098 esset.
2444 3052 2557 3098 Hoc

1529 3133 1657 3195 sapit
1675 3131 1899 3180 librarios
1924 3131 2210 3179 recentioris
2231 3130 2340 3179 mvi.
2360 3132 2558 3179 Auctor

1531 3213 1671 3261 dedit
1688 3223 1777 3261 est.
1802 3211 1973 3259 Statim
1998 3221 2113 3276 post
2132 3211 2185 3258 in
2206 3206 2558 3275 responsione:

1530 3313 1557 3333 ‹-
1576 3302 1671 3349 est,
1702 3307 1852 3354 quum
1880 3306 1983 3339 non
2004 3300 2077 3337 est
2104 3290 2256 3339 satius
2274 3312 2317 3336 a.
2336 3291 2472 3337 Eun.
2489 3315 2561 3325 —

1532 3370 1643 3419 Seh.
1674 3382 1745 3418 est
1771 3370 1995 3435 protulit.

1601 3452 1819 3498 xxvn.
1857 3467 1900 3499 ι.
1929 3448 2196 3513 Occupatio
2230 3458 2315 3498 est.
2363 3444 2560 3496 Schiitz.

1536 3529 1822 3577 occultatio.
1870 3530 1951 3577 Sic
1998 3528 2261 3593 legendum
2304 3542 2429 3583 esse,
2481 3526 2562 3572 in·

1536 3610 1641 3671 quit
1662 3642 1676 3664 ,
1716 3609 1951 3671 seguciter
1971 3607 2209 3655 odoratus
2234 3617 2305 3655 est
2324 3604 2399 3652 Cl.
2419 3603 2561 3667 Spal-

1538 3686 1759 3749 dingius,
1801 3686 2093 3749 Quintiliani
2129 3686 2319 3741 editor,
2361 3697 2563 3745 eamque

1536 3765 1951 3824 emendationem,
1986 3776 2088 3813 tum
2108 3764 2217 3827 ipso
2244 3764 2295 3811 h.
2324 3761 2361 3809 l.
2389 3768 2562 3807 conte-

1534 3855 1649 3903 xtu,
1670 3856 1774 3892 tum
1797 3844 2011 3909 Quintil.
2033 3846 2135 3899 lx,
2176 3846 2235 3901 3,
2260 3842 2348 3905 98,
2375 3837 2555 3887 conflr-

1535 3925 1703 3973 mavit.
1730 3952 1800 3961 —-
1824 3926 1857 3972 J
1862 3960 1875 3973 .
1892 3925 1953 3969 V.
1986 3925 2035 3970 ¹1.
2061 3932 2205 3985 putat
2232 3938 2278 3969 v.
2306 3917 2561 3983 occupatio

1536 4004 1587 4049 in
1608 4019 1801 4051 sensum
1822 4020 1869 4051 v.
1882 4001 2155 4065 prater-itio
2176 3998 2299 4048 trahi
2322 4012 2491 4063 posse,
2504 4010 2563 4046 ut

1538 4082 1662 4129 nihil
1715 4082 1873 4130 textui
1920 4078 2163 4128 immutari
2210 4094 2401 4126 necesse
2446 4076 2509 4125 sit
2540 4090 2559 4125 ε
