2982 4682
364 402 369 405 ’
417 396 557 481 334
1102 394 1201 461 Μ.
1252 396 1330 463 Τ.
1378 394 1892 463 CICERONIS.

417 534 541 591 aut
594 517 751 611 ejus
808 516 909 586 rei
974 515 1063 585 sit
1108 513 1263 601 lex,
1308 515 1808 601 consuetude,
1867 516 2094 598 acti0,
2152 513 2548 608 judicium,

418 629 741 715 scientia,
772 622 1190 713 artificium3
1214 624 1478 696 deiude
1497 680 1516 714 ,
1544 641 1800 696 natura
1830 626 1986 721 ejus
2019 626 2308 697 evenire
2335 626 2550 725 vulgo

417 740 677 822 soleat,
722 762 814 807 an
852 736 1249 807 insolenter
1288 752 1362 807 et
1393 760 1597 825 raro3,
1633 752 1918 833 postea,
1945 735 2280 808 homines
2311 736 2384 807 id
2423 762 2552 808 sua

417 848 843 921 auctoritate
881 846 1531 945 comprobare,.an
1571 846 1848 918 offendi
1872 843 1934 891 ¹3
1975 849 2051 918 in
2089 846 2200 917 his
2243 872 2550 919 consue-

417 958 767 1045 verint¹43
794 972 867 1028 et
896 972 1132 1027 cetera
1155 1012 1174 1045 ,
1207 982 1372 1054 quae
1405 955 1676 1029 factum
1706 957 2000 1054 aliquod
2029 958 2352 1028 similiter
2385 983 2556 1029 con·

420 1066 761 1155 festimffi,
812 1081 939 1137 aut
985 1092 1073 1137 ex
1124 1068 1503 1139 intervallo
1561 1069 1795 1139 solent
1841 1070 2210 1165 consequi..
2271 1068 2552 1140 Deinde

422 1195 791 1279 postremo
822 1176 1348 1253 attendendum
1378 1194 1487 1249 est
1510 1234 1528 1265 ,
1557 1204 1734 1250 num
1755 1204 1914 1276 quae
1945 1180 2058 1251 res
2077 1204 2166 1249 ex
2197 1181 2283 1249 iis
2299 1177 2552 1268 rebus,

420 1316 582 1389 quoe
609 1303 777 1361 sunt
810 1291 1057 1385 positae
1089 1290 1163 1357 in
1206 1287 1532 1383 partibus
1567 1290 2002 1379 honestatis,
2032 1304 2157 1360 aut
2196 1290 2556 1375 utilitatis,

424 1413 1000 1496 consequantur:
1022 1396 1117 1466 de
1142 1396 1409 1492 quibus
1434 1399 1512 1469 in
1541 1397 2007 1471 deliberativo
2035 1406 2298 1495 genere
2327 1422 2554 1470 causae

357 1504 361 1508 ’
422 1510 823 1583 distinctius
851 1511 987 1577 erit
1012 1506 1426 1577 dicendum.
1471 1512 1571 1579 Ac
1596 1510 1899 1603 negotiis
1935 1508 2231 1605 quidem
2260 1504 2408 1579 fere
2439 1528 2556 1579 res

426 1646 558 1707 eae,
596 1643 778 1715 quas
812 1620 1577 1706 commemoravimus,
1616 1634 1786 1690 sunt
1820 1618 2207 1691 attributae.

524 1733 779 1801 xxlx„
836 1726 1171 1824 (xxvm.)
1212 1728 1465 1799 Omnis
1509 1744 1748 1801 autem
1791 1731 2353 1827 argumentatiO,
2397 1753 2559 1826 quae

428 1865 514 1913 ex
560 1844 645 1911 iis
694 1840 913 1927 locis,
967 1862 1157 1936 quos
1212 1842 1971 1929 commemoravimus,
2015 1856 2370 1928 sumetur,
2435 1854 2562 1911 aut

428 1950 825 2051 probabilis
848 2004 866 2035 ,
906 1964 1031 2020 aut
1085 1953 1486 2021 necessaria
1544 1948 1842 2022 debebit
1884 1974 2060 2022 esse.
2115 1952 2394 2021 Etenim
2417 2005 2438 2035 ,
2477 1962 2564 2019 ut

427 2062 745 2135 breviter
782 2059 1313 2148 describamus,
1371 2065 1899 2157 argumentatio
1934 2060 2223 2131 videtur
2257 2083 2412 2130 esse
2447 2058 2559 2129 in·

428 2187 726 2245 ventum
758 2192 847 2241 ex
884 2168 1127 2266 aliquo
1156 2194 1422 2268 genere
1442 2181 1496 2259 ¹,
1531 2193 1682 2242 rem
1719 2172 2029 2268 aliquam
2059 2184 2186 2241 aut
2221 2168 2562 2267 probabi-

426 2283 591 2354 liter
613 2278 1025 2364 ostendens,
1050 2295 1175 2352 aut
1202 2284 1600 2353 necessarie
1619 2280 2139 2353 demonstrans.
2159 2281 2563 2354 Necessarie

429 2395 1020 2467 demonstrantur
1068 2417 1187 2480 ea,
1223 2417 1385 2489 quae
1431 2391 1637 2464 aliter
1673 2417 1756 2464 ac
1795 2393 2162 2484 dicuntur,
2197 2416 2334 2462 nec
2365 2389 2596 2479 fieri,'

427 2531 565 2577 nec
613 2502 905 2603 probari
962 2517 1299 2599 possunt,
1346 2502 1490 2574 hoc
1527 2503 1804 2573 modo:
1842 2532 1874 2567 α
1903 2505 1972 2572 8ἱ
2025 2505 2348 2600 peperit,
2395 2524 2563 2572 cum

426 2616 582 2684 viro
614 2609 1009 2684 concubuit
1038 2639 1092 2680 ³³.
1154 2617 1308 2682 Hoc
1353 2637 1584 2708 genus
1617 2611 2206 2707 argumentandi,
2251 2610 2450 2708 quod
2487 2610 2562 2679 in

427 2716 825 2794 necessaria
857 2715 1477 2792 demonstratione
1505 2737 1850 2810 versatur,
1880 2723 2189 2793 maxime
2217 2733 2566 2811 tractatur

424 2836 499 2904 in
540 2830 887 2918 dicende,
924 2844 1051 2900 aut
1088 2855 1218 2928 per
1254 2831 1871 2929 complexionem,
1911 2847 2037 2902 aut
2079 2856 2210 2928 per
2261 2856 2562 2904 enume-

427 2945 779 3016 rationem
805 2997 824 3028 ,
863 2953 987 3010 aut
1024 2963 1155 3038 per
1186 2942 1581 3040 simplicem
1612 2943 2175 3013 conclusionem.

492 3051 980 3151 ,Complexio2
1017 3065 1165 3138 est,
1196 3054 1271 3122 in
1308 3075 1489 3150 qua,
1528 3067 1774 3123 utrum
1809 3055 2286 3138 concesseris,
2319 3075 2562 3149 repre-

506 3259 587 3307 13.
619 3253 844 3321 Offendi.
868 3251 1065 3301 Habent
1087 3251 1237 3301 codd.
1250 3255 1453 3312 Vossn,
1545 3255 1778 3304 Oudend.
1799 3256 2004 3320 «aliquo
2037 3273 2100 3304 ex
2132 3273 2302 3320 genere
2317 3276 2360 3304 a.
2391 3257 2563 3304 Utrum

430 3339 565 3388 Lem.
597 3351 641 3394 ι,
666 3332 946 3398 offendere,
986 3330 1123 3394 quod
1162 3331 1321 3395 placet
1352 3335 1459 3380 On·
1545 3333 1674 3399 legno
1703 3334 1826 3383 nihil
1863 3335 2030 3384 refert.
2065 3337 2160 3384 Sed
2188 3354 2254 3384 ex
2289 3337 2454 3402 aliquo
2481 3353 2566 3402 go-

431 3414 736 3478 denuoi-pto,
787 3409 983 3476 passivo
1026 3411 1259 3459 nimirum
1310 3427 1457 3460 sensu
1545 3430 1658 3464 nere
1688 3415 1932 3480 significat
1959 3431 2020 3464 ex
2045 3417 2210 3481 aliquo
2240 3430 2412 3483 genere
2431 3419 2565 3466 loco·

427 3505 700 3560 acceptum.
746 3493 857 3540 Son.
898 3511 969 3527 ⁶-
1014 3489 1289 3555 Offendere
1330 3491 1456 3540 MSS
1547 3511 1650 3542 rum
1670 3510 1815 3560 snpra
1841 3509 2221 3545 memoratorum
2237 3526 2252 3556 ,
2273 3497 2406 3546 unde
2425 3513 2566 3562 argu·

426 3575 558 3627 Cass.
596 3575 723 3621 Bau.
1545 3586 1706 3623 menta
1723 3575 1824 3640 peti
1843 3585 2069 3638 possunt.
2093 3575 2211 3625 εει.

506 3663 585 3712 14.
630 3647 985 3700 consueverint.
1032 3648 1320 3698 ὒοηεηενίηε
1360 3650 1453 3698 Ms
1615 3670 1664 3702 η.
1701 3653 2004 3718 Compleaeio.
2049 3657 2126 3703 De
2145 3671 2244 3720 qna
2263 3655 2441 3704 vitiosa
2469 3656 2568 3720 agit

428 3739 529 3784 Gn.
558 3750 579 3784 1
598 3770 611 3792 ,
642 3731 847 3794 oujnsin
864 3730 1081 3792 margine
1100 3730 1453 3780 consueverint.
1540 3745 1670 3781 auct.
1693 3733 1756 3781 nd
1791 3737 1905 3783 Her.
1929 3735 2000 3792 11,
2024 3751 2120 3797 29,
2153 3735 2232 3782 eni
2251 3751 2358 3801 cap.
2385 3749 2472 3792 xo,
2495 3745 2568 3784 est

430 3819 647 3864 Euxen-
1539 3811 1708 3876 quint·
1728 3814 2160 3876 argumentationis
2172 3831 2313 3880 pars.
2329 3829 2442 3879 qne
2461 3813 2570 3861 bre·

502 3895 581 3942 15.
616 3883 909 3952 Confestim,
954 3899 1047 3935 ant
1071 3903 1140 3936 ea:
1174 3885 1447 3939 immeto.
1541 3891 1664 3939 viter
1682 3891 1934 3941 concludit
1973 3893 2208 3958 colligens
2245 3904 2406 3958 partes
2424 3907 2567 3954 argu·

427 3971 620 4020 Schiitz.
649 3979 737 4015 emt
766 3965 1051 4030 confestim,
1094 3978 1187 4014 aut
1212 3981 1279 4014 ex
1305 3966 1453 4014 {nnn
1541 3971 1867 4019 mentationis.
1909 3973 1984 4020 De
2030 3989 2126 4036 qna
2183 3971 2569 4020 ratiocinationis

429 4052 579 4104 vano.
600 4063 662 4096 ex
684 4045 819 4094 Laid.
848 4057 894 4092 t.
1539 4060 1677 4113 parte
1716 4049 2040 4098 Nocterinfrn
2065 4054 2166 4116 agit
2189 4067 2298 4116 cap.
2338 4051 2404 4105 34
2423 4084 2441 4110 ,
2457 4051 2536 4111 -39
2551 4083 2566 4110 ,

495 4127 691 4176 xxm.
739 4141 782 4171 t.
818 4123 893 4169 Ba:
932 4119 1101 4188 aliquo
1132 4139 1324 4189 genere.
1348 4125 1439 4172 Ms
1546 4128 1631 4184 45.
1661 4129 1755 4179 His
1774 4131 1904 4178 conf.
1923 4134 2040 4180 Her.
2059 4133 2138 4191 11,
2163 4139 2245 4186 2⁴.
2268 4131 2442 4180 Wan-
