2982 4682
441 353 587 439 234
1133 357 1232 426 Μ.
1277 359 1357 426 Τ.
1415 357 1907 429 CICERONIS

445 492 622 550 sunt
661 475 850 566 fere,
891 501 1058 575 quae
1093 477 1398 550 dicenda
1432 478 1873 552 videbantur
1913 477 2007 550 de
2038 477 2431 552 verborum
2464 505 2583 552 ex·

441 587 968 660 ornationibus.
1009 588 1282 686 (xxxV.)
1329 591 1545 662 Nunc
1588 615 1705 662 res
1739 593 1895 687 ipsa
1932 603 2211 677 monet,
2252 605 2339 662 ut
2374 591 2583 664 dein·

435 723 610 798 ceps
654 699 746 772 ad
783 703 1310 772 sententiarum
1345 703 1859 772 exornationes
1902 715 2372 774 transeamus.

531 815 822 882 XXXV.
865 810 1306 883 Distributio
1335 823 1358 856 ¹
1399 825 1509 884 est
1529 865 1550 900 ,
1584 837 1821 910 quum
1861 814 1941 881 in
1986 810 2229 909 plures
2286 835 2404 883 res
2456 827 2583 884 aut

434 943 786 1020 personas
805 929 862 1008 ²,
879 925 1170 1020 negotia
1207 921 1535 1019 quaedam
1562 922 2113 1021 dispertiuntur,
2138 921 2282 994 hoc
2310 921 2535 1002 modo
2558 979 2579 1010 ‚

433 1060 468 1096 α
497 1033 644 1121 Qui
688 1047 1042 1120 vestrum,
1076 1032 1394 1128 judices,
1423 1057 1699 1105 nomen
1742 1047 2037 1106 senatus
2074 1033 2341 1131 diligit,
2380 1035 2580 1107 hunc

433 1141 674 1214 oderit
721 1167 1016 1215 necesse
1060 1157 1170 1214 est
1203 1171 1218 1212 ε
1256 1144 1833 1241 petulantissime
1870 1144 2069 1218 enim
2120 1167 2407 1240 semper
2444 1145 2577 1216 iste

410 1243 886 1355 ‘oppugnavit
904 1273 1258 1329 senatum.
1282 1260 1425 1349 Qui
1451 1275 1867 1357 equestrem
1886 1259 2129 1330 locum
2150 1257 2579 1356 splendidis·

429 1371 694 1439 simum
731 1371 934 1465 cupit
976 1391 1134 1440 esse
1167 1370 1244 1438 in
1287 1369 1607 1458 civitate,
1652 1370 1713 1442 is
1755 1383 2049 1467 oportet
2090 1373 2313 1440 istum
2355 1371 2575 1438 maxi-

427 1501 582 1549 mas
625 1501 880 1576 poenas
933 1478 1217 1550 dedisse
1269 1479 1441 1550 velit
1459 1478 1513 1566 ³,
1554 1505 1647 1552 ne
1694 1482 1829 1552 iste
1880 1505 2010 1553 sua
2036 1480 2067 1538 4
2125 1479 2579 1578 turpitudine

430 1587 675 1660 ordini
719 1590 1228 1661 honestissimo
1275 1591 1577 1680 maculae
1620 1605 1839 1689 atque
1891 1590 2229 1662 dedecori
2268 1591 2382 1661 sit.
2429 1591 2575 1679 Qui

429 1713 768 1795 parentes
797 1697 1080 1771 habetis
1100 1756 1119 1788 ‚
1140 1697 1499 1773 ostendite
1539 1702 1747 1772 istius
1776 1701 2172 1800 supplicio,
2207 1700 2413 1771 vobis
2447 1700 2577 1770 ho-

427 1811 662 1880 mines
696 1811 958 1908 impios
975 1836 1128 1883 non
1165 1812 1472 1909 placere.
1512 1810 1799 1902 Quibus
1823 1810 2032 1882 liberi
2065 1826 2255 1897 sunt,
2284 1813 2573 1882 statuite

427 1917 888 2014 exemplum,
923 1936 1213 2018 quantae
1257 1945 1490 2019 poenae
1520 1923 1923 1992 incivitate
1961 1923 2104 1992 sint
2148 1918 2572 1991 hominibus

425 2029 835 2103 istiusmodi
859 2027 1288 2126 comparatae
1309 2021 1337 2076 ⁵
1361 2062 1416 2099 n.
1450 2035 1635 2102 Item
1656 2085 1676 2120 ‚
1692 2061 1725 2096 c<
1740 2035 2043 2102 Senatus
2074 2027 2398 2102 officium
2422 2043 2532 2100 est
2550 2082 2569 2115 ,

425 2140 738 2215 consilio,
785 2144 1139 2212 civitatem
1182 2141 1473 2236 juvare3
1523 2145 1977 2239 magistratus
2034 2140 2357 2213 officium
2416 2154 2524 2210 est
2551 2194 2570 2226 ‚

423 2272 648 2347 opera
683 2265 757 2321 et
801 2250 1170 2348 diligentia
1205 2253 1556 2349 consequi
1592 2252 2041 2324 voluntatem
2066 2266 2405 2345 ‚senatum
2446 2275 2572 2349 po·

422 2359 580 2457 puli
635 2359 960 2435 officium
1013 2376 1158 2447 est,
1216 2387 1333 2433 res
1375 2364 1719 2461 optimas,
1761 2378 1835 2435 et
1882 2364 2217 2434 homines
2263 2361 2569 2433 idoneos

421 2472 773 2559 maxime,
852 2473 998 2543 suis
1071 2474 1446 2545 sententiis
1502 2472 1815 2571 deligere
1866 2490 1938 2545 et
1988 2470 2351 2574 probare⁶
2379 2504 2430 2543 υ.
2468 2514 2567 2525 —-

421 2609 459 2644 «
484 2583 938 2653 Accusatoris
959 2580 1278 2655 officium
1310 2597 1451 2672 est,
1477 2582 1748 2656 inferre
1765 2586 2069 2657 crimina
2086 2611 2105 2671 ;
2124 2582 2527 2655 defensoris
2544 2638 2565 2673 ‚

477 2762 714 2809 -XXXV-
749 2774 794 2811 1.
823 2762 1109 2812 Distributio
1147 2774 1231 2812 ese.
1275 2764 1451 2811 Exem-

421 2840 508 2906 pla
543 2840 903 2893 distributionis
936 2842 1041 2892 vid.
1067 2859 1164 2909 pro
1187 2844 1322 2893 Mur.
1352 2852 1380 2899 4
1393 2858 1415 2891 1
1438 2860 1454 2902 3

424 2937 520 2986 pro
543 2922 762 2971 Marcell.
787 2939 846 2985 ας
873 2940 970 2988 pro
987 2920 1109 2973 Coel.
1133 2939 1179 2984 13
1213 2939 1308 2987 pro
1327 2927 1448 2989 Leg.

421 3000 600 3051 Manil.
629 3018 721 3061 to,
765 3014 860 3052 etc.
893 3006 928 3053 J
931 3041 942 3051 .
969 3006 1032 3051 V.
1059 3008 1116 3053 L.
1144 3032 1217 3042 --
1235 3004 1448 3053 Videtur

418 3079 506 3128 ill·
530 3083 785 3131 exornatio
815 3085 1174 3133 enumerationi
1197 3084 1410 3151 partium
1427 3118 1444 3143 ,

421 3159 552 3207 inter
577 3163 823 3211 oratorios
846 3162 1014 3223 locos,
1039 3164 1185 3211 simul
1215 3174 1264 3211 et
1292 3162 1444 3211 iudu-

423 3237 595 3297 ctioni,
609 3240 738 3288 inter
762 3252 1063 3303 argumenta,
1083 3241 1258 3292 affinis.
1269 3242 1446 3290 Distri-

423 3317 567 3366 butio
594 3328 666 3367 est
696 3320 842 3367 etiam
865 3322 916 3376 1,
954 3336 1015 3368 xo
1038 3320 1290 3369 divisionis
1305 3338 1443 3386 pars,

422 3406 472 3444 et
507 3398 609 3457 111,
653 3398 712 3447 13
731 3431 749 3458 ,
776 3400 913 3449 vocis
945 3402 1275 3450 contentionis
1315 3416 1446 3466 pars.

417 3477 593 3527 Ἤιτει.

491 3572 543 3607 a.
582 3560 686 3605 Aac
712 3574 982 3624 personas,
1020 3558 1239 3625 negotia.
1269 3560 1444 3608 Delevi

418 3648 608 3695 certas,
650 3638 788 3703 quod
813 3640 1034 3705 personis
1059 3654 1160 3687 uon
1188 3640 1439 3690 convenit.

418 3716 714 3783 Intelligitur
733 3718 932 3778 enimin
957 3720 1017 3768 iis
1035 3719 1215 3785 plures.
1238 3720 1365 3767 MSS
1391 3730 1440 3768 et

419 3794 534 3847 edd.
569 3814 646 3863 pr.
682 3798 866 3848 habent
904 3800 1018 3848 dein
1044 3800 1279 3863 «negotia
1309 3809 1439 3846 certa

418 3876 641 3939 quadam
659 3894 721 3928 a:
762 3879 847 3927 sed
884 3877 1084 3945 quidam
1123 3879 1268 3926 etiam
1305 3888 1441 3926 certa

421 3957 654 4006 omittunt
671 3994 685 4016 ‚
715 3970 776 4008 ut
794 3958 931 4008 Med.
960 3976 1036 4025 pr.
1059 3974 1185 4024 quos
1211 3968 1440 4022 sequutus

419 4049 560 4085 sum:
589 4048 748 4098 recte,
777 4040 869 4087 nisi
895 4039 1035 4087 valde
1062 4040 1220 4088 ffillor.
1242 4038 1369 4085 Ean.

498 4118 544 4164 3.
567 4118 617 4165 Is
638 4130 852 4182 oportet.
869 4155 880 4167 .
897 4118 1178 4167 ‚velie.Vox
1199 4117 1328 4167 velie
1341 4132 1443 4165 non

1540 2774 1612 2830 αρτ
1637 2766 1689 2812 in
1725 2765 1827 2813 Pal.
1857 2774 2032 2829 quarto
2060 2774 2145 2812 aut
2180 2774 2359 2827 sext03
2387 2774 2567 2813 mutat·

1538 2860 1635 2908 que
1663 2854 1855 2909 oportet
1874 2844 1927 2892 in
1950 2854 2096 2907 optet.
2122 2844 2296 2907 Neque
2322 2858 2461 2891 secus
2482 2844 2565 2891 Br.

1538 2924 1701 2972 forsan
1727 2924 1913 2972 melius.
1942 2925 2114 2972 Gaur.

1609 3014 1659 3060 4.
1700 3006 1781 3051 Ne
1804 3003 1895 3052 iste
1916 3018 2007 3050 ma
2034 3000 2342 3067 mtpicudine.
2368 2997 2566 3049 Sehiitz.

1534 3100 1807 3148 pronomen
1838 3084 1961 3141 iste,
2006 3092 2065 3131 ut
2106 3081 2232 3129 male
2273 3081 2561 3144 repetitum,

1535 3162 1963 3292 delgjliitiusmoch'
1984 3250 2298 3304 comparata.
2336 3234 2422 3287 Sic
2448 3237 2565 3287 dedi

1532 3338 1626 3387 pro
1661 3322 1945 3388 hujusmodi
1978 3338 2006 3369 e
2046 3322 2173 3368 MSS
2212 3330 2261 3368 et
2296 3318 2411 3367 edd.
2438 3328 2561 3366 vett.

1540 3410 1675 3465 ¹47⁴
1696 3440 1711 3465 ,
1755 3400 1894 3451 Med.
1930 3417 2008 3466 pr.
2042 3401 2225 3463 Estque
2264 3398 2371 3445 sine
2408 3396 2563 3446 dubio

1536 3483 1726 3531 melius.
1766 3483 1901 3531 Eun.
1942 3506 2014 3519 --
2055 3482 2169 3527 Hoc
2195 3477 2471 3541 exemplum
2498 3474 2562 3525 od

1531 3578 1587 3611 ea
1614 3573 1835 3626 tempora
1862 3560 2077 3624 pertinet
2093 3595 2108 3619 ‚
2134 3556 2311 3621 quibus
2338 3567 2561 3604 senatum

1529 3644 1659 3691 inter
1683 3651 2049 3705 equestremque
2080 3636 2303 3686 ordinem
2333 3644 2471 3684 eraut
2500 3633 2563 3682 de

1524 3720 1722 3784 iudiciis
1750 3718 1969 3789 dissidia.

1600 3800 1651 3849 6.
1680 3796 1903 3864 Deligere
1936 3808 1985 3844 ee
2016 3796 2246 3860 probare.
2282 3792 2411 3842 Dedi
2457 3792 2558 3843 del.

1528 3896 1622 3945 pro
1668 3878 1875 3943 eligere,
1922 3872 2211 3937 jubentibus
2256 3872 2422 3932 libris,
2466 3874 2558 3920 etsi

1528 3958 1654 4008 nihil
1684 3956 1949 4005 admodum
1980 3956 2183 4003 interest
2205 3970 2219 4002 ε
2246 3968 2369 4001 mox
2392 3950 2557 3999 eadem

1532 4038 1593 4087 de
1620 4052 1763 4085 cauea
1782 4034 1914 4083 seiae
1929 4050 2022 4098 pro
2045 4032 2223 4091 scierit,
2244 4042 2299 4080 ut
2322 4042 2393 4079 est
2412 4030 2559 4079 etiem

1532 4116 1700 4182 paullo
1722 4126 1852 4181 post.
1872 4116 2004 4163 Ειιι.
