2982 4682
488 392 580 465 86
1076 380 1084 387 ’
1151 392 1247 459 Μ.
1296 392 1372 458 Τ.
1423 388 1913 458 CICERONIS

497 519 504 524 ’
580 514 783 612 (1112)
798 508 1207 612 Expositi06
1224 514 1475 585 vitiosa
1495 524 1628 597 est,
1641 534 1870 607 quum
1891 508 1984 581 ab
1999 508 2244 606 aliqua
2269 523 2395 580 aut
2411 534 2452 579 a
2469 532 2612 579 ma-

478 628 639 721 jore
657 640 861 723 parte
882 621 972 695 ad
988 647 1243 694 omnes
1258 622 1333 693 id
1349 620 1724 693 confertur
1741 633 1795 708 ⁷,
1812 620 2012 718 quod
2033 644 2186 691 non
2207 622 2613 691 necessario

484 750 593 807 est
611 733 951 806 omnibus
970 732 1397 805 attributum
1420 758 1440 821 ;
1465 746 1550 803 ut
1567 733 1625 803 si
1649 732 1812 828 quis
1841 731 1986 801 boe
2007 730 2232 804 modo
2252 744 2567 827 exponat
2591 756 2608 799 t

480 875 514 911 α
538 850 853 931 OmneS‚
900 846 1031 942 qui
1071 849 1147 915 in
1188 856 1610 943 paupertate
1667 857 1872 929 sunt,
1919 840 2202 914 malunt
2259 838 2612 914 maleficio

422 1044 429 1054 ,
478 980 731 1055 parare
772 956 1083 1043 divitias,
1134 978 1355 1053 quam
1406 952 1649 1025 officio
1689 959 2190 1052 paupertatem
2239 952 2498 1022 tueri».
2539 952 2612 1020 Si

478 1068 644 1165 quis
675 1067 819 1139 hoc
842 1065 1067 1137 modo
1105 1066 1527 1162 exposuerit
1555 1067 2260 1161 argumentationem
2281 1114 2300 1147 ‚
2345 1076 2429 1131 ut
2455 1086 2606 1131 nou

476 1194 683 1250 curet
722 1168 1079 1276 quaerere,
1138 1177 1369 1274 qualis
1422 1180 1609 1246 ratio
1659 1189 1786 1245 aut
1819 1175 2118 1245 rationis
2157 1168 2610 1243 confirmatio

476 1292 601 1377 sit,
640 1292 866 1385 ipsam
893 1285 1098 1358 facile
1132 1279 1750 1384 reprehendemus
1775 1278 2338 1381 expositionem,
2377 1302 2604 1377 quum

475 1398 978 1485 ostendemus,
1008 1396 1079 1468 id
1116 1396 1316 1493 quod
1358 1398 1434 1466 in
1468 1396 1718 1493 aliquo
1747 1416 2069 1494 paupere
2101 1391 2442 1490 improbo
2479 1392 2570 1462 sit
2591 1444 2609 1473 ‚

474 1510 551 1577 in
589 1530 845 1579 omnes
875 1529 1229 1604 pauperes
1264 1504 1443 1577 falso
1488 1520 1562 1575 et
1604 1506 1862 1601 injuria
1898 1502 2237 1574 conferri.
2283 1506 2466 1571 Item
2503 1504 2606 1568 vi·

474 1618 657 1689 tiosa
691 1617 1046 1715 expositio
1077 1630 1214 1702 est,
1258 1638 1489 1712 quum
1523 1614 1597 1685 id
1620 1670 1639 1703 ,
1669 1612 1872 1711 quod
1909 1638 2076 1685 raro
2103 1610 2223 1699 fit,
2267 1610 2426 1682 fieri
2451 1634 2608 1680 om·

426 1784 435 1793 .
472 1727 652 1796 nino
670 1740 999 1822 negatur,
1032 1725 1173 1826 hoc
1200 1724 1422 1796 modo
1454 1754 1470 1795 :
1505 1754 1540 1791 ι(
1562 1729 1792 1796 Nemo
1817 1736 2062 1821 potest
2087 1747 2243 1794 uno
2273 1736 2605 1820 aspectu,

478 1860 716 1931 neque
751 1838 1169 1932 praeteriens
1194 1890 1212 1921 ,
1254 1837 1332 1919 in
1363 1858 1680 1906 amorem
1715 1834 2031 1905 incidere
2057 1864 2113 1904 ».
2155 1835 2340 1904 Nam
2375 1856 2604 1929 quum

474 1970 627 2016 non
658 1954 907 2017 'nemo
962 1945 1337 2018 devenerit
1390 1948 1469 2017 in
1531 1970 1852 2017 amorem
1899 1970 2064 2031 ,υηο
2125 1957 2462 2042 aspectu,
2533 1956 2606 2013 et
2709 2006 2716 2025 ,

471 2080 703 2152 quum
728 2055 851 2129 ille
876 2059 1239 2127 neminem
1270 2056 1532 2127 dixerit
1559 2057 1884 2145 omnino,
1906 2054 2084 2125 nihil
2123 2044 2410 2124 differt⁸
2437 2074 2604 2121 raro

470 2164 546 2236 id
584 2164 775 2253 fieri,
820 2165 1221 2238 dummodo
1256 2164 1648 2285 aliquando
1681 2162 1840 2235 fieri
1872 2179 1998 2236 aut
2026 2186 2238 2295 posse
2287 2160 2506 2233 fieri
2489 2185 2628 2229 mr

470 2274 849 2373 telligatur.

562 2389 751 2455 XXI
793 2390 983 2456 Item
1023 2387 1276 2456 vitiosa
1325 2386 1683 2507 expositio
1729 2399 1877 2472 est,
1915 2409 2148 2483 quum
2188 2407 2448 2467 omnes
2487 2405 2602 2452 res

468 2494 915 2566 ostendimus
956 2519 1091 2565 nos
1135 2494 1551 2591 collegisse,
1589 2511 1666 2565 et
1700 2495 2016 2618 aliquam
2061 2517 2216 2565 rem
2259 2490 2598 2563 idoneam

466 2607 953 2701 praeterimus,
996 2605 1134 2676 hoc
1174 2605 1450 2676 modo.
1497 2635 1530 2672 «
1569 2608 1938 2695 Quoniam
1971 2605 2194 2703 igitur
2225 2601 2599 2677 hominem

468 2717 783 2786 occisum
827 2729 1109 2786 constat
1148 2739 1340 2802 esse,
1387 2739 1680 2786 necesse
1718 2730 1827 2786 est
1863 2729 1990 2786 aut
2025 2741 2066 2786 a
2099 2712 2616 2812 praedonibus,-

464 2841 591 2896 aut
628 2824 721 2896 ab
764 2826 1071 2898 inimicis
1114 2826 1438 2896 occisum
1480 2851 1672 2914 esse,
1709 2840 1836 2897 aut
1879 2825 2006 2896 abs
2053 2840 2160 2912 te,
2207 2849 2428 2921 quem
2479 2821 2600 2896 ille

463 2936 801 3008 heredem
842 2952 1271 3032 testamento
1301 2961 1388 3008 ex
1426 2953 1630 3035 parte
1666 2935 2004 3008 fecerat¹.
2057 2935 2434 3006 Praedones
2471 2931 2597 3002 illo

459 3025 1037 3142 loconumquam
1056 3061 1232 3118 sunt
1250 3049 1463 3120 visi²z
1502 3049 1876 3118 inimicum
1912 3043 2202 3116 nullum
2235 3041 2595 3134 habebat:

458 3151 933 3280 relinquitur,
970 3157 1027 3224 si
1056 3179 1297 3254 neque
1334 3181 1375 3228 a
1414 3155 1916 3254 praedonibus»,
1957 3179 2198 3252 neque
2231 3153 2380 3225 ab
2365 3153 2598 3225 minii·-

457 3267 557 3334 cis
588 3266 866 3336 occisus
892 3280 1036 3350 est,
1092 3269 1438 3362 quoniam
1467 3267 1671 3338 alteri
1700 3289 1854 3338 non
1888 3280 2122 3354 erant,
2149 3265 2409 3337 alteros
2438 3287 2592 3334 non

456 3371 804 3458 habebat,
846 3387 929 3443 ut
956 3373 1087 3446 abs
1122 3389 1195 3446 te
1230 3381 1321 3446 sit
1346 3378 1828 3474 interemptus
1855 3408 1908 3445 n.
1943 3379 2128 3447 Nam
2156 3377 2230 3446 in
2261 3375 2596 3470 hujusce-f

519 3591 572 3638 6.
604 3587 881 3654 Expositio.
909 3591 1060 3657 Resp.
1089 3608 1195 3656 cap.
1223 3593 1309 3642 18.
1560 3604 1633 3641 est
1673 3595 1744 3640 sio
1785 3593 1843 3641 in
1881 3593 2009 3642 MSS
2046 3591 2340 3656 quibusdam
2383 3603 2434 3640 et
2471 3591 2590 3641 edd.

522 3685 574 3730 ⁶7.
606 3668 672 3716 Id
694 3667 965 3734 confertur.
1014 3693 1039 3711 a
1067 3671 1329 3720 confertur
1371 3671 1425 3720 id
1444 3695 1469 3714 ο»
1559 3671 1743 3720 omnib.
1757 3669 1876 3736 (147
1892 3671 1968 3736 5),
1989 3671 2125 3720 Med.
2152 3673 2303 3734 1498.
2319 3671 2484 3735 Vulgo
2493 3670 2589 3734 sa-

444 3745 558 3794 edd.
585 3757 703 3795 vett.
746 3745 1013 3808 Gruterus,
1043 3751 1235 3798 Ernest.
1559 3751 1737 3800 ciebat.
1781 3751 1954 3799 Paullo
1989 3763 2103 3816 post
2139 3749 2192 3797 iu
2221 3751 2311 3798 MS
2351 3752 2486 3798 Cort.
2516 3761 2588 3798 est

516 3825 564 3873 8.
588 3824 727 3873 Nihil
741 3825 914 3890 dlffm
926 3845 1062 3875 raro.
1087 3827 1286 3878 Schiitz.
1304 3853 1328 3872 ‹-
1346 3831 1469 3880 nihil
1557 3829 1755 3890 habuit,
1776 3831 1914 3895 quod
1949 3831 2120 3878 melius
2145 3842 2271 3894 puto
2286 3865 2300 3887 ,
2329 3830 2440 3894 quia
2470 3847 2588 3894 per·

411 3911 423 3957 :¹
444 3905 591 3953 refert
614 3921 657 3952 r.
694 3927 718 3946 ι
762 3907 866 3966 Ita,
912 3907 1103 3972 inquit,
1146 3909 1411 3957 Lambinus
1442 3925 1468 3956 e
1558 3910 1737 3958 fectum
1766 3911 2013 3975 praecedit.
2039 3911 2168 3958 Enu-
2201 3927 2348 3973 quem
2385 3907 2586 3958 Schiitz.

442 3983 570 4034 MSS
593 3995 745 4032 recte.
1557 3989 1736 4054 probat
1758 4001 1808 4037 et
1825 3991 2064 4053 sequitur.

516 4065 659 4113 XXI.
697 4079 742 4110 1.
785 4065 867 4111 Ea:
886 4077 1033 4128 pane
1046 4065 1261 4131 fecerat.
1311 4067 1465 4116 Etiam
1629 4083 1677 4115 2.
1717 4071 1839 4115 Sunt
1863 4062 1983 4116 visi.
2015 4067 2170 4116 Abest
2199 4078 2314 4114 sunt
2352 4067 2487 4116 Leid.
2517 4085 2544 4116 2
2571 4104 2584 4132 2

440 4141 547 4191 sine
570 4143 707 4194 libris
734 4144 803 4194 sie
828 4146 1169 4210 corrigendum
1206 4157 1325 4196 erat.
1366 4147 1463 4196 Sed
1553 4147 1794 4222 probante
1811 4147 2049 4197 Oudeud.
2079 4151 2296 4197 Scuurz.
