2982 4682
778 377 902 448 DE
951 376 1557 466 INVENTIONE,
1606 379 1874 449 LIBER
1922 380 1991 464 Ι,
2041 381 2156 465 44.
2390 380 2529 455 365

403 520 602 590 nara,
639 503 739 588 vi,
778 499 1304 598 magnitudine,
1351 513 1681 599 tempore
1702 555 1721 586 ,
1760 500 1959 592 loco,
1991 525 2335 601 persona,
2366 509 2525 604 opi·

401 621 668 698 nione3
717 635 801 682 ac
833 612 930 698 si,
985 635 1137 708 quo
1172 611 1246 680 in
1279 635 1590 683 numero
1624 610 1835 700 illud,
1882 612 2084 712 quod
2114 637 2245 712 per
2282 616 2533 714 simili·-

401 723 728 796 tudinem
776 719 1142 804 afferetur,
1194 734 1266 790 et
1310 746 1460 818 quo
1504 723 1579 791 in
1616 720 1779 792 loco
1822 721 1966 794 hoc
2008 746 2275 820 genus,
2326 727 2531 820 cujus

402 858 614 905 causa
642 829 1014 914 afferetur,
1041 827 1294 900 haberi
1322 832 1735 920 conveniat,
1756 831 2195 903 ostendetur.
2225 833 2530 916 Deinde,

400 941 576 1040 quid
615 965 732 1011 res
779 963 947 1010 cum
1007 963 1088 1009 re
1143 937 1431 1010 differat
1449 993 1470 1028 ,
1528 937 2141 1014 demonstrabitur
2184 969 2199 1012 ε
2240 967 2330 1014 ex
2376 967 2527 1041 quo

401 1049 866 1134 docebimus,
899 1048 1096 1120 aliud
1147 1049 1238 1119 de
1287 1073 1414 1136 eo,
1464 1048 1665 1147 quod
1716 1049 2280 1148 comparabitur,
2322 1066 2395 1123 et
2438 1053 2529 1124 de

402 1185 526 1248 e0,
564 1162 858 1257 quicum
901 1155 1461 1254 comparabitur,
1493 1159 1879 1231 existimari
1904 1175 2265 1258 oportere.
2301 1163 2531 1256 Hujus

399 1271 754 1343 facultatis
805 1269 1116 1340 maxime
1167 1267 1577 1366 indigemus
1596 1263 1651 1354 3,
1694 1295 1923 1366 quum
1969 1296 2051 1342 ea
2106 1274 2261 1370 ipsa
2310 1297 2524 1370 argu·

397 1383 771 1467 mentatio,
806 1403 964 1476 quae
1002 1403 1131 1478 per
1155 1376 1705 1451 inductionem⁴
1722 1393 2101 1469 tractatur,
2126 1383 2261 1452 erit
2286 1405 2531 1480 repre-

397 1489 804 1564 hendenda.

491 1602 617 1670 Sin
646 1598 1044 1695 judicatum
1067 1587 1100 1641 ⁵
1140 1596 1438 1698 aliquod
1495 1595 1885 1685 inseretur,
1933 1601 2282 1698 quoniam
2320 1599 2395 1671 id
2440 1625 2525 1673 ex

401 1707 516 1780 his
544 1707 768 1781 locis⁶
811 1710 1120 1779 maxime
1157 1706 1533 1778 firmatur:
1572 1707 1783 1780 laude
1826 1734 2081 1780 eorum
2104 1765 2123 1797 ,
2176 1711 2305 1807 qui
2332 1710 2525 1805 judi-

397 1833 690 1906 carunt;
727 1815 1196 1888 similitudine
1239 1818 1396 1912 ejus
1430 1818 1577 1904 rei,
1622 1834 1767 1913 qua
1808 1816 1901 1888 de
1945 1823 2203 1915 agitur,
2237 1819 2328 1891 ad
2366 1845 2523 1892 eam

394 1950 586 2014 rem,
623 1952 767 2024 qua
793 1927 884 1998 de
916 1925 1316 2022 judicatum
1354 1939 1495 2012 est,
1540 1939 1613 1996 et
1656 1928 2330 2017 commemorando,
2366 1957 2519 2002 non

395 2037 617 2109 modo
651 2062 798 2108 non
835 2061 989 2108 esse
1027 2034 1549 2134 reprehensum
1572 2035 1960 2130 judicium,
2001 2038 2124 2107 sed
2163 2037 2255 2110 ab
2292 2044 2521 2112 omni-

395 2146 533 2218 bus
570 2146 1092 2246 approbatum3
1126 2162 1198 2217 et
1229 2144 1833 2232 demonstrando,
1878 2144 2242 2219 difficilius
2271 2163 2343 2220 et
2377 2176 2524 2222 ma-

387 2257 504 2351 jus
564 2257 786 2330 fuisse
839 2257 916 2330 id
973 2257 1422 2353 judicatum,
1469 2253 1675 2354 quod
1718 2253 2090 2344 afferatur,
2148 2281 2364 2355 quam
2403 2260 2474 2331 id
2505 2315 2525 2349 ,

393 2368 592 2467 quod
637 2373 856 2441 instet
893 2396 910 2439 :
948 2394 1040 2441 ex
1072 2369 1448 2440 contrariis
1485 2367 1693 2453 locis,
1730 2369 1789 2436 si
1824 2390 1941 2437 res
1984 2381 2107 2438 aut
2139 2391 2306 2440 vera
2329 2423 2348 2458 ,
2394 2386 2525 2443 aut

392 2480 789 2552 verisimilis
825 2481 1190 2578 permittat
1205 2488 1264 2566 7,
1301 2475 1648 2548 infirmari
1682 2474 2073 2573 oportebit.
2112 2480 2350 2574 Atque
2388 2482 2523 2549 erit

392 2589 926 2663 observandum
958 2589 1371 2686 diligenter,
1417 2612 1511 2659 ne
1552 2584 1735 2657 nihil
1768 2584 1859 2656 ad
1897 2583 2005 2670 id,
2042 2610 2193 2683 quo
2232 2586 2324 2658 de
2356 2611 2519 2685 aga·

395 2716 516 2771 tur
533 2697 592 2788 3,
617 2702 974 2799 pertineat
997 2698 1107 2786 id,
1131 2698 1332 2796 quod
1360 2696 1760 2795 judicatum
1786 2697 1876 2767 sit
1898 2724 1918 2784 3
1954 2708 2061 2768 et⁹
2084 2697 2477 2769 videndum
2499 2752 2519 2783 ‚

393 2836 486 2883 ne
529 2834 612 2882 ea
652 2835 763 2883 res
804 2808 1250 2909 proferatur,
1302 2812 1378 2879 in
1432 2832 1577 2905 qua
1636 2810 1728 2879 sit
1784 2803 2143 2877 offensum
2170 2818 2275 2895 ¹⁰,
2310 2823 2397 2879 ut
2432 2808 2523 2879 de

460 3010 490 3056 3
501 3040 513 3055 .
535 3007 758 3056 Maxime
773 3006 1058 3071 indiffemus.
1075 3010 1156 3055 An
1174 3006 1410 3072 indigebi-

391 3092 534 3135 mus?
559 3102 712 3151 quun
728 3096 958 3150 aequatur
977 3108 1002 3127 a
1020 3087 1114 3135 erit
1145 3086 1408 3151 reprehen-

391 3164 546 3215 denda
569 3188 594 3210 ι
613 3166 730 3216 :aed
751 3166 822 3213 sic
853 3164 998 3213 video
1019 3165 1120 3225 jam
1139 3166 1408 3227 conjeciaae

387 3246 552 3293 Iaamb.
580 3246 710 3295 Eun.
731 3244 802 3283 -'-
823 3243 1028 3308 Recepit
1053 3242 1310 3293 Schiitaina
1327 3244 1408 3292 in·

387 3322 669 3387 digebimm.

461 3411 508 3459 4.
531 3406 628 3450 Per
650 3402 992 3451 inductionem.
1005 3400 1132 3450 vide
1149 3418 1196 3449 c.
1213 3402 1242 3451 3
1255 3416 1300 3451 1.

463 3482 512 3529 5.
545 3482 630 3528 Sin
647 3481 941 3547 judicatum.
981 3480 1216 3529 Dedimus
1245 3494 1340 3545 pro
1364 3478 1412 3529 εἰ

383 3557 497 3619 iud.
517 3576 544 3607 e
567 3560 704 3609 libris
719 3576 818 3609 aer.
839 3560 971 3610 Ond.
989 3570 1040 3608 et
1055 3560 1190 3609 Cana.
1210 3560 1307 3609 Gu.
1329 3558 1409 3607 ed.

387 3653 464 3706 pr.
504 3639 620 3686 item
644 3650 760 3703 post
797 3660 821 3681 ι
859 3650 908 3688 et
937 3639 1363 3689 commemorando
1386 3659 1414 3681 ι

387 3714 554 3764 addita
567 3718 744 3781 copula
761 3734 788 3765 e
805 3720 930 3767 MSS
948 3730 998 3766 et
1014 3719 1126 3767 edd.
1145 3736 1222 3784 pr.
1236 3718 1414 3767 Omisit

387 3796 576 3860 primns
611 3794 786 3845 Aldus.
831 3798 960 3847 Ean.
998 3824 1064 3837 --
1092 3798 1168 3847 De
1193 3798 1416 3860 judicato

279 3926 290 3939 ,
388 3890 518 3938 reap.
541 3890 590 3923 c.
621 3882 703 3931 ⁴2.

459 3955 510 4003 6.
539 3954 623 4001 Ex
663 3953 739 4003 lu's
778 3954 910 4005 loeis.
951 3956 1200 4005 Revocavi
1235 3954 1310 4003 his
1347 3970 1410 4003 ex

386 4032 547 4091 libris,
589 4042 768 4081 temere
803 4034 1038 4082 ominum
1062 4051 1089 4082 a
1115 4034 1408 4093 neotericis,

385 4120 516 4159 certe
538 4128 566 4159 a
595 4111 939 4163 Lambiniania.
968 4115 1158 4169 Gmrr.=

1499 3058 1505 3067 ,
1573 3022 1623 3066 7.
1654 3002 1924 3053 Por-mittat.
1960 3000 2213 3054 Schiitziua
2238 3004 2387 3055 habet
2413 3022 2523 3055 cnm

1496 3084 1697 3133 Lallem.
1711 3082 1975 3148 per-mittet.
1995 3084 2114 3132 Ern.
2128 3083 2263 3133 dedit
2275 3086 2529 3149 permittat

1496 3180 1524 3212 e
1550 3164 1677 3212 Mss
1704 3162 1810 3210 aliia
1838 3174 1888 3211 et
1914 3163 2013 3210 auia
2035 3197 2049 3221 ,
2092 3164 2211 3212 item
2245 3163 2362 3215 edd.
2392 3182 2469 3230 pr.
2495 3182 2523 3213 a

1494 3243 1675 3309 quibua
1704 3244 1903 3291 recessit
1928 3242 2106 3291 Aldus.

1568 3324 1619 3373 8.
1664 3326 1771 3387 Quo
1802 3322 1865 3370 de
1901 3332 2102 3387 agatur.
2135 3322 2356 3371 Lambini
2396 3324 2523 3373 hanc

1496 3404 1626 3464 conj.
1652 3402 1892 3466 approbat
1918 3401 2020 3451 Pal.
2049 3418 2145 3451 aec.
2160 3403 2367 3467 Vulgata
2394 3404 2523 3453 enim

1496 3503 1519 3525 ι
1538 3480 1671 3546 quod
1692 3492 1861 3544 agatur
1874 3502 1915 3526 a.
1939 3481 2104 3529 Gau-r.

1572 3576 1623 3623 9.
1664 3561 1731 3607 Ec
1767 3558 2038 3607 videndum
2057 3592 2075 3619 ,
2108 3574 2173 3607 ne
2204 3574 2267 3607 ea
2291 3574 2393 3619 res,
2428 3570 2523 3609 etc.

1500 3638 1701 3689 Lallem.
1737 3648 1823 3685 -et
1842 3638 2107 3687 videndum
2132 3648 2207 3687 eat
2225 3660 2269 3687 a.
2302 3638 2397 3685 Sed
2428 3640 2522 3687 Er·

1500 3730 1629 3767 neat.
1670 3718 1848 3766 delevit
1892 3726 1965 3764 ese
2012 3726 2129 3781 post
2174 3716 2449 3765 videndum
2496 3734 2525 3765 e

1500 3798 1593 3845 MS
1618 3796 1753 3845 Leid.
1774 3814 1821 3857 1,
1836 3796 1954 3861 qnia
1968 3796 2173 3859 intelligi
2198 3794 2341 3843 debet
2360 3812 2387 3843 e
2402 3812 2527 3859 pre-

1505 3876 1706 3925 cedente
1728 3888 1867 3941 parte
1894 3874 1997 3923 eric.

1574 3972 1657 4007 ιο.
1683 3960 1741 4003 In
1759 3972 1861 4020 qua
1887 3954 1951 4003 sit
1972 3950 2230 4017 offensum.
2259 3956 2303 4003 1.
2326 3969 2372 4001 e.
2400 3955 2525 4003 male

1490 4034 1763 4095 indicatum
1781 4046 1830 4083 et
1845 4042 2101 4098 peccatum
2118 4047 2147 4079 a
2160 4030 2355 4091 indice.
2373 4046 2525 4099 eaque

1498 4129 1551 4161 re
1577 4114 1845 4185 ignominia
1872 4121 2143 4161 eontracta.
2174 4114 2309 4161 Ean.
