2982 4682
679 380 812 449 AD
859 379 1454 463 HERENNIUM,
1506 380 1777 448 LIBER
1824 380 1954 465 IV,
1998 377 2112 450 32.
2324 407 2468 479 229

323 500 759 573 desidiosam
795 515 1024 572 artem
1075 499 1428 591 dicemus,
1470 503 1645 598 quia
1680 499 2078 574 desidiosos
2128 499 2343 592 facit3
2391 519 2467 576 et

325 611 546 708 frigus
584 613 874 710 pigrum
893 665 914 700 ,
952 615 1122 709 quia
1164 613 1409 711 pigros
1447 610 1637 684 facit.
1678 611 1791 684 Ab
1830 637 1919 684 eo
1937 666 1958 701 ,
1994 613 2195 709 quod
2234 617 2462 685 conti·

325 736 482 808 net,
527 721 635 810 id,
671 720 874 819 quod
911 723 1348 809 continetur,
1382 723 1527 796 hoc
1562 721 1785 794 modo
1821 721 2412 796 denominabitur
2442 754 2458 796 ε

320 861 354 894 α
370 832 608 902 Armis
636 831 838 902 Italia
857 855 1006 902 non
1033 847 1272 931 potest
1297 835 1520 921 vinci,
1546 857 1681 906 nec
1701 835 1976 905 Graecia
1996 833 2391 934 disciplinis
2406 867 2459 907 n.

326 945 504 1012 Nam
542 941 661 1014 hic
698 967 833 1040 pro
869 943 1134 1015 Graecis
1171 958 1246 1014 et
1277 943 1498 1030 Italis»,
1540 968 1705 1039 quae
1750 946 2170 1032 continent,
2214 961 2461 1018 notata
2548 959 2557 968 '

313 1067 514 1123 sunt.
558 1051 669 1123 Ab
700 1077 826 1138 e0‚
861 1052 1061 1149 quod
1094 1056 1537 1140 continetur,
1562 1050 1675 1140 id,
1706 1050 1907 1149 quod
1944 1055 2317 1141 continet;
2354 1069 2466 1145 ut,

329 1163 384 1233 si
413 1164 578 1259 quis
597 1187 882 1252 aurum,
908 1163 1020 1234 vel
1045 1177 1418 1260 argentum
1436 1176 1599 1250 ,aut
1616 1160 1803 1234 ebur
1824 1164 2195 1253 nominet,
2230 1189 2463 1262 quum

328 1272 606 1346 divitias
632 1274 802 1347 velit
830 1277 1229 1346 nominare.
1264 1279 1535 1345 Harum
1572 1275 1903 1346 omnium
1938 1270 2465 1348 denominatio·

325 1409 502 1456 num
531 1385 754 1483 magis
785 1385 862 1456 in
893 1383 1381 1483 praecipiendo
1409 1383 1693 1470 divisio,
1715 1408 1937 1481 quam
1966 1385 2045 1452 in
2074 1383 2469 1480 quaerendo

326 1493 631 1565 difficilis
699 1496 1022 1566 inventio
1075 1509 1222 1582 est,
1283 1494 1450 1565 ideo
1508 1492 1711 1590 quod
1750 1493 1968 1591 plena
2008 1495 2465 1567 consuetudo

325 1617 430 1674 est
457 1605 608 1675 non
639 1603 864 1676 modo
901 1619 1278 1700 poetarum
1315 1617 1388 1677 et
1419 1617 1793 1676 oratorum
1816 1657 1835 1688 ,
1866 1602 1993 1674 sed
2027 1608 2241 1676 etiam
2276 1629 2467 1703 quo-

327 1712 568 1785 tidiani
611 1717 1001 1802 sermonis»,
1036 1713 1455 1810 hujusmodi
1494 1712 2187 1785 denominationum.

417 1817 795 1896 Circuitio⁸
829 1841 936 1897 est
964 1827 1232 1913 oratio,
1270 1849 1420 1895 rem
1458 1823 1859 1922 simplicem
1888 1838 2251 1922 assumpta
2270 1833 2303 1884 9
2332 1827 2467 1895 cir·

323 1933 816 2006 cumscribens
865 1935 1306 2021 elocutione,
1344 1932 1490 2006 hoc
1540 1947 1753 2029 pacto
1783 1948 1815 2001 τ’
1842 1963 1873 1996 ι(
1898 1933 2251 2032 Scipionis
2289 1959 2459 2032 pro-

322 2043 630 2116 videntia
669 2046 1124 2143 Carthaginis
1167 2069 1344 2144 opes
1384 2042 1599 2138 fregit
1618 2072 1672 2112 ι).
1732 2045 1915 2114 Nam
1960 2041 2109 2125 hic,
2156 2043 2295 2114 nisi
2337 2068 2458 2114 or·-

323 2153 542 2223 nandi
587 2156 768 2225 ratio
839 2154 1166 2251 quaedam
1210 2167 1400 2230 esset
1459 2149 1743 2238 habita,
1798 2152 2042 2249 Scipio
2094 2154 2334 2255 potuit
2385 2169 2458 2230 et

321 2263 680 2362 Carthago
725 2265 1142 2364 simpliciter
1177 2262 1545 2365 appellari.

411 2378 986 2501 Transgressio¹⁰
1023 2392 1168 2464 est,
1211 2402 1372 2473 quae
1405 2370 1799 2445 verborum
1837 2371 2218 2469 perturbat
2258 2373 2463 2444 ordi·

318 2510 486 2557 nem
513 2488 973 2584 perversione
997 2497 1085 2575 ¹¹,
1122 2500 1246 2557 aut
1288 2484 1903 2581 transjectionen.
1954 2484 2454 2568 Perversione‚

317 2598 480 2667 sic:
531 2627 562 2661 α
597 2602 754 2669 Hoc
819 2596 1025 2669 vobis
1075 2598 1252 2670 deos
1308 2594 1751 2666 immortales
1808 2592 2123 2666 arbitror
2166 2591 2447 2665 dedisse

316 2712 580 2802 pietate
617 2734 762 2835 pro
789 2723 1021 2779 vestra
1047 2739 1105 2777 ›2.
1150 2706 1691 2801 Transjectione
1716 2760 1735 2793 ,
1769 2704 1912 2775 hoc
1956 2702 2227 2774 modo.
2266 2734 2299 2769 α
2329 2710 2449 2774 In-

317 2815 586 2889 stabilis
643 2822 716 2888 in
785 2819 1003 2889 istum
1067 2817 1458 2942 plurimum
1521 2813 1813 2887 fortuna
1867 2812 2093 2885 valuit
2122 2845 2175 2884 ».
2236 2818 2456 2902 Item,

315 2955 348 2988 α
375 2930 646 2999 Omnes
681 2926 1036 2999 invidiose
1072 2929 1342 3028 eripuit
1379 2924 1517 2997 tibi
1550 2924 1741 2995 bene
1776 2923 2065 2995 vivendi
2108 2947 2311 2994 casus
2347 2923 2449 2995 fa·
2556 2964 2564 2978 a

315 3088 504 3149 aptius,
537 3089 654 3153 quia
699 3086 760 3135 de
799 3104 852 3137 re
889 3103 1049 3141 sermo
1083 3098 1188 3149 est,
1229 3103 1332 3137 non
1419 3084 1573 3133 verbo
1589 3078 2044 3152 bfftpssaivmfigura
2062 3094 2327 3148 syntaxeos
2344 3100 2455 3149 qua

317 3165 378 3214 de
401 3170 644 3231 personis.
673 3170 805 3220 Eun.
1419 3164 1699 3228 transponit
1740 3162 1817 3210 vel
1860 3163 2062 3212 invertit
2100 3162 2265 3211 verba.
2302 3164 2451 3219 Confi,

386 3239 434 3285 8.
460 3237 686 3287 Circuiu'o
698 3274 716 3297 ‚
735 3236 1012 3307 πιρὶφρασις
1027 3273 1042 3297 ,
1060 3262 1086 3283 ιι
1100 3239 1333 3287 circuitus
1420 3242 1577 3293 Cicer.
1594 3241 1759 3290 locum
1786 3240 1849 3289 de
1874 3242 2014 3290 Oret.
2036 3243 2133 3302 111,
2157 3242 2251 3300 543
2271 3243 2449 3305 Quint.

311 3316 552 3381 loquendi
571 3340 596 3359 n
624 3318 754 3381 apud
778 3319 953 3381 Quint.
971 3318 1095 3365 VIII
1109 3352 1126 3377 ‚
1170 3318 1222 3367 6.
1247 3321 1338 3367 Ln-

313 3396 429 3443 tinis
451 3396 752 3458 rhetoribus,
783 3408 842 3447 ut
861 3396 944 3447 ille
969 3407 1173 3446 testatur
1190 3434 1205 3461 ,
1239 3398 1336 3445 cir-

313 3475 628 3529 ctemlocmim

383 3571 438 3617 9,
474 3556 590 3603 Rem
623 3554 888 3620 simplicem
925 3564 1175 3619 assumpta
1189 3588 1206 3613 ,
1245 3569 1338 3619 pro

309 3644 607 3698 assumptam
625 3652 644 3683 :
667 3636 804 3699 quod
821 3646 869 3683 et
891 3636 1017 3683 MSS
1038 3635 1201 3699 plures
1219 3631 1339 3684 boni

310 3710 519 3773 habeut,
549 3724 599 3763 et
621 3731 696 3763 res
718 3712 918 3779 flagitat.
957 3716 1075 3763 Non
1107 3713 1236 3760 enim
1261 3729 1338 3761 res

310 3792 518 3856 simplex
539 3794 830 3853 assumitur,
866 3793 954 3842 sed
971 3793 1026 3844 id
1040 3828 1055 3852 ,
1080 3792 1218 3856 quod
1238 3794 1337 3840 cir-

310 3872 737 3935 cumscriptionem
765 3870 946 3929 efficit,
979 3870 1014 3918 i.
1038 3886 1082 3917 e.
1107 3870 1334 3928 verbum,

313 3950 452 4013 quod
469 3953 796 4001 elocutionem
815 3948 1028 4015 appellat
1048 3959 1246 4007 auctor,
1279 3960 1336 3998 ut

312 4028 362 4080 h.
388 4030 422 4077 l.
446 4030 822 4097 «providentia,
848 4044 969 4093 opes
995 4048 1038 4075 ι.
1067 4030 1194 4075 Enu-

390 4125 464 4163 ιο..
511 4107 854 4173 Tramgressio
874 4143 890 4169 ,
930 4100 1197 4173 ὑπερὸατὸν
1215 4140 1228 4165 ,
1276 4123 1336 4155 ex

1425 3324 1531 3383 11,
1557 3331 1607 3379 4.
1636 3322 1757 3370 ΙΝ.
1775 3322 1829 3369 L.

1504 3416 1525 3447 1
1542 3416 1563 3448 r
1573 3435 1585 3450 .
1606 3398 1933 3447 Per-versione.
1951 3398 2203 3451 Perversio
2217 3410 2290 3453 est
2301 3416 2453 3463 quum

1425 3478 1563 3544 quod
1594 3479 1729 3543 sequi
1756 3478 1956 3526 deberet
1980 3476 2181 3535 verbum
2196 3515 2213 3540 ,
2252 3478 2303 3525 id
2329 3496 2453 3543 με·

1427 3559 1665 3615 mittitur,
1711 3570 1767 3606 ut
1810 3558 1966 3614 iufra,
2008 3557 2197 3620 pietate
2232 3572 2329 3621 pro
2362 3574 2457 3606 ve·

1427 3649 1554 3693 see-a,
1597 3652 1749 3699 quum
1784 3634 1911 3683 ordo
1954 3636 2021 3691 sit
2058 3650 2073 3684 τ
2115 3656 2141 3677 «ι
2161 3649 2255 3699 pro
2296 3647 2455 3685 vestra

1425 3715 1606 3779 pictate
1623 3735 1665 3760 ιο.

1504 3809 1587 3842 12.
1634 3791 2016 3857 Transjectione.
2050 3792 2354 3850 Transjectio
2382 3802 2461 3841 est

1425 3888 1576 3937 quum
1604 3887 1659 3923 eu
1685 3886 1794 3937 quae
1810 3868 2167 3919 contiuuodici
2187 3868 2417 3917 deberent
2440 3912 2455 3933 ‚

1423 3950 1687 4012 interjectis
1707 3950 1896 4013 aliquot
1922 3946 2081 3994 verbis
2098 3982 2112 4003 ,
2144 3959 2443 4011 separantur,

1423 4030 1545 4087 utin
1559 4014 1785 4093 exemplo
1802 4026 2043 4091 sequenti,
2060 4024 2335 4075 «instabilis
2348 4028 2452 4077 for-

1427 4120 1543 4159 tum
1568 4129 1591 4151 ι
1607 4144 1622 4168 ,
1652 4119 1710 4155 ut
1728 4106 1877 4169 infra,
1896 4120 2101 4153 «omues
2126 4104 2381 4155 facultates
2400 4129 2446 4157 η.
