2982 4682
425 307 566 356 200
1001 251 1012 258 ’
1103 285 1200 354 Μ.
1251 285 1326 353 Τ.
1383 287 1868 367 olcssnoms
1958 304 1965 314 ·

419 409 911 504 intemperans
937 402 1166 476 libido
1191 427 1648 476 commovere
1674 407 1913 504 potuit
1946 433 1961 474 ε
1998 406 2206 502 cujus
2232 409 2551 480 mulieris

419 518 746 590 animus⁷
773 529 956 586 esset
975 527 1358 612 corruptus
1377 569 1397 600 ‚
1428 515 1581 611 ejus
1608 539 1873 612 corpus
1910 530 2185 587 castum
2218 541 2371 589 esse
2400 545 2547 590 non

419 639 874 726 putaverunt.
928 624 1118 713 Quid
1174 625 1248 695 in
1305 624 1519 694 viris?
1583 625 1871 696 idemne
1920 624 2353 697 observant?
2414 631 2549 698 mi-

421 738 637 808 nime.
685 731 878 824 Quid
911 733 1058 804 ita?
1091 737 1260 830 quia
1300 735 1493 805 viros
1534 733 1621 804 ad
1660 734 2241 833 unumquodque
2276 737 2549 810 malefi-
2602 761 2615 769 ·

421 847 614 916 cium
637 842 935 940 singulae
953 842 1376 940 cupiditates
1392 843 1774 940 impellunt
1795 872 1812 914 :
1832 845 2169 917 mulieres
2188 845 2278 916 ad
2306 852 2549 918 omnia

419 953 768 1026 maleficia
803 951 1166 1051 cupiditas
1207 977 1346 1024 una
1383 951 1653 1023 ducit».
1690 957 1869 1024 Item
1894 1007 1914 1040 ‚
1952 983 1985 1018 α
2012 959 2203 1026 Bene
2244 958 2551 1052 majores

416 1063 560 1136 hoc
595 1078 1229 1160 comparaverunt,
1267 1077 1352 1134 ut
1383 1066 1745 1134 neminem
1778 1089 2055 1162 regem,
2090 1091 2309 1162 quem
2336 1069 2549 1138 armis

419 1179 809 1272 cepissent,
853 1175 992 1244 vita
1025 1174 1409 1270 privarent.
1443 1171 1639 1263 Quid
1676 1175 1817 1244 ita?
1846 1175 2051 1271 quia,
2080 1201 2299 1272 quam
2340 1175 2551 1246 nobis

416 1285 830 1357 facultatem
881 1281 1174 1354 fortuna
1209 1283 1569 1371 dedisset3
1612 1284 1945 1381 iniquum
1984 1300 2137 1356 erat
2172 1279 2258 1356 ‘m
2295 1311 2547 1358 eorum

418 1395 774 1491 supplicio
797 1417 1222 1486 consumere
1241 1448 1259 1481 ‚
1294 1419 1480 1490 quos
1508 1393 1757 1465 eadem
1788 1393 2075 1468 fortuna
2102 1397 2345 1494 paullo
2382 1413 2548 1468 ante

417 1505 497 1573 iu
533 1503 971 1602 amplissimo
1009 1518 1196 1575 statu
1226 1503 1630 1575 collocarat.
1677 1504 1868 1593 Quid
1909 1505 2111 1602 quod
2155 1509 2545 1578 exercitum

417 1628 672 1684 contra
719 1611 970 1685 duxit?
1005 1613 1260 1686 desino
1301 1615 1727 1686 meminisse.
1776 1615 1967 1706 Quid
2010 1619 2149 1687 ita?
2193 1619 2365 1714 quia
2414 1613 2545 1686 viri

419 1721 624 1794 fortis
659 1737 805 1812 est,
837 1726 964 1820 qui
1002 1720 1093 1795 de
1111 1725 1420 1794 victoria
1445 1723 1886 1795 contendant
1908 1779 1927 1810 ‚
1961 1751 2085 1796 eos
2125 1723 2368 1798 hostes
2412 1751 2547 1824 pu-

421 1849 613 1920 tare;
661 1835 786 1932 qui
823 1836 993 1905 victi
1024 1849 1227 1920 sunt,
1273 1860 1396 1906 eos
1441 1834 1771 1906 homines
1800 1835 2165 1930 judicare,
2202 1852 2285 1908 ut
2326 1839 2550 1934 possit

415 1944 692 2016 bellum
735 1941 1088 2016 fortitudo
1124 1947 1490 2029 minuere,
1530 1967 1776 2041 pacem
1822 1945 2227 2018 humanitas
2264 1973 2546 2044 augere.

421 2059 517 2126 At
554 2053 711 2143 ille,
746 2056 806 2126 si
850 2055 1170 2140 vicisset,
1209 2079 1385 2127 num
1429 2055 1621 2126 idem
1664 2054 1987 2127 fecisset?
2024 2083 2173 2128 non
2223 2057 2549 2155 profecto

424 2181 567 2236 tam
607 2165 893 2263 sapiens
928 2161 1199 2235 fuisset.
1237 2162 1431 2254 Quid
1469 2165 1689 2260 igitur
1722 2167 1785 2236 ei
1820 2167 2296 2264 parcis?quia
2334 2169 2543 2238 talem

419 2274 794 2347 stultitiam
853 2287 1358 2361 contemnere,
1409 2299 1559 2346 non
1610 2276 1869 2347 imitari
1911 2282 2255 2349 consuevi
2284 2309 2337 2350 ».
2387 2283 2551 2350 Haec

420 2387 794 2457 exornatio
812 2383 901 2456 ad
921 2408 1326 2456 sermonem
1354 2383 1821 2456 vehementer
1852 2388 2389 2461 accommodata
2414 2405 2548 2473 est,

417 2508 490 2568 et
525 2496 846 2567 animum
878 2494 1225 2565 auditoris
1259 2498 1527 2566 retinet
1558 2509 1914 2567 attentum
1934 2552 1952 2581 ‚
1988 2518 2143 2569 tum
2171 2514 2546 2572 venustate

417 2600 835 2693 sermonis⁸‚
862 2620 1021 2676 tum
1055 2605 1416 2676 rationum
1448 2609 2003 2705 exspectatione.

512 2720 733 2787 XVII.
789 2717 1022 2813 (xvu.)
1062 2718 1432 2787 Sententia
1465 2729 1573 2787 est
1608 2719 1839 2787 oratio
1878 2730 2194 2817 sumpta¹
2239 2718 2329 2791 de
2370 2722 2546 2803 vita,

415 2850 577 2925 quae
613 2839 737 2899 aut
771 2824 949 2925 quid
987 2826 1116 2913 sit,
1141 2841 1266 2896 aut
1303 2822 1482 2922 quid
1512 2849 1665 2897 esse
1696 2840 2028 2923 oporteat
2054 2831 2129 2897 in
2164 2831 2346 2917 vita,
2388 2828 2549 2901 bre-

411 2940 596 3009 viter
626 2933 970 3023 ostendit,
1001 2935 1144 3007 hoc
1177 2934 1441 3009 modo²
1471 2964 1486 3005 ε
1518 2934 1881 3009 «Difficile
1919 2953 2027 3008 est
2062 2941 2374 3036 primum
2400 2942 2544 3009 vir-

416 3062 602 3121 tutes
638 3047 938 3118 revereri
960 3042 1014 3132 ³,
1039 3050 1166 3142 qui
1195 3070 1481 3145 semper
1517 3046 1831 3118 secunda
1860 3044 2153 3120 fortuna
2184 3052 2274 3121 sit
2306 3073 2543 3121 usus».

486 3258 536 3303 7.
579 3238 722 3303 Cujus
767 3228 976 3285 mulieri&
1016 3236 1222 3286 animus.
1257 3236 1426 3286 Delevi

410 3320 494 3371 hie
518 3319 622 3367 eine
649 3316 786 3365 libris
806 3315 1087 3364 auctoribus
1111 3339 1136 3358 u
1151 3332 1260 3363 cum
1291 3314 1424 3380 (eum

409 3400 551 3461 cuiue
576 3397 708 3459 m.)··
751 3396 818 3445 ob
843 3394 1133 3443 evidentiam
1171 3394 1293 3441 vitii.
1341 3396 1426 3442 Est

407 3480 537 3529 euim
563 3478 614 3525 in
641 3475 716 3523 hi·
749 3474 996 3523 manifeste
1022 3489 1324 3538 consequens
1350 3488 1426 3519 re-

406 3558 556 3607 tionie
581 3554 914 3621 precedentis.
937 3555 1112 3601 Ortum
1129 3564 1202 3600 eet
1225 3551 1426 3600 verbum

403 3655 432 3686 e
457 3636 618 3702 eujus.
644 3636 703 3681 {n
731 3631 982 3682 nonnullis
1011 3631 1232 3680 additum
1268 3632 1425 3697 reperi

400 3716 736 3781 etiem‘quam.
757 3714 856 3763 Sed
880 3728 994 3761 mox
1019 3711 1113 3760 Ιιοσ
1129 3724 1244 3777 post
1267 3711 1423 3759 idm·

403 3812 467 3845 ne
493 3794 653 3845 delevi
667 3791 950 3841 auctoribus
967 3790 1111 3839 bonis
1135 3789 1272 3838 libris
1291 3788 1426 3855 apud

1514 3236 1745 3295 facilites,
1778 3252 1807 3285 e
1842 3238 2157 3286 contentione
2192 3238 2291 3287 fori
2326 3252 2544 3295 remota:

1515 3316 1662 3365 simul
1684 3297 2141 3381 interrogationibus
2164 3334 2398 3383 emperie·
2420 3336 2537 3369 ore·

1516 3396 1588 3444 tio
1632 3394 1819 3444 detinet
1862 3396 2137 3445 auditorem
2176 3399 2543 3463 exspectatione

1514 3476 1773 3523 rationum.

1586 3554 1750 3603 xvn.
1780 3570 1825 3603 1.
1846 3556 2049 3617 Sumpta
2082 3554 2146 3602 de
2175 3554 2309 3603 vita.
2354 3556 2414 3603 Id
2444 3567 2546 3615 eet,

1515 3632 1577 3681 de
1620 3634 1819 3696 ingenio
1862 3634 2117 3681 homiuum
2161 3645 2249 3683 eut
2294 3635 2545 3693 moribus,

1513 3724 1599 3761 eut
1624 3713 1771 3760 etiam
1799 3711 1861 3759 de
1885 3709 2084 3761 officiis.

1585 3807 1635 3840 α.
1662 3791 1769 3838 Hoc
1802 3789 1967 3839 modo.
2006 3789 2126 3839 seh.
2148 3788 2287 3839 «hoe
2308 3802 2488 3856 pecto·
2518 3810 2545 3841 e

399 3875 532 3925 Oud.
559 3877 684 3925 Item
711 3870 868 3919 nostri
893 3880 1006 3933 poet
1030 3868 1263 3933 majores.
1285 3871 1416 3917 Eun.
1506 3872 1631 3919 MSS
1652 3867 1877 3917 omnibus
1894 3902 1909 3927 ,
1930 3869 2157 3918 Oudend.
2180 3882 2231 3919 et
2254 3870 2337 3919 ed.
2359 3871 2496 3919 Med.

473 3956 522 4003 8.
548 3955 667 4001 Tum
687 3948 1016 4006 mser-monis,
1041 3960 1140 3996 tum
1159 3958 1259 3996 rat.
1277 3964 1417 4011 exsp.

1582 3950 1631 4009 3.
1656 3945 1868 4015 Defficae'le
1888 3959 1958 3996 est
1976 3964 2054 4012 pr.
2076 3948 2287 3997 virentes
2314 3950 2536 3999 revereri.

397 4032 620 4084 Remittit
645 4030 772 4080 enim
811 4028 1022 4077 animuin
1059 4027 1142 4075 ille
1183 4026 1418 4076 sermoni·
1508 4030 1591 4075 Est
1634 4028 1731 4076 hoc
1776 4044 1803 4075 e
1852 4027 2171 4077 Gulielmenie
2218 4028 2446 4077 omnibus
2486 4046 2543 4077 ac
