2982 4682
740 432 867 499 DE
913 432 1517 519 INVENTIONE‚
1567 435 1835 504 LIBER
1882 438 1984 523 ΙΙ,
2035 434 2148 509 53.
2366 446 2508 542 499

386 556 572 641 sint,
621 551 959 623 honestas
1000 568 1071 623 et
1118 555 1423 642 utilitas;
1468 556 1962 647 vitandarum,
2026 564 2402 659 turpitudo
2443 584 2517 640 et

390 608 756 734 inutilitas.
806 664 929 733 His
982 663 1199 758 igitur
1245 662 1529 733 duabus
1585 665 1804 736 rebus
1853 668 2012 737 duae
2051 694 2163 741 res
2213 676 2518 770 grandes

391 788 563 842 sunt
597 770 997 857 attributae,
1034 774 1489 844 necessitudo
1526 789 1599 845 et
1635 774 2016 847 affectio⁷t
2060 804 2360 875 quarum
2423 787 2519 856 al-

391 897 543 952 tera
592 906 679 953 ex
714 886 823 967 vi,
858 882 1075 953 altera
1114 908 1201 952 ex
1244 908 1319 953 re
1364 898 1437 955 et
1484 886 1810 981 personis
1849 888 2360 961 consideratur.
2409 898 2520 965 De

389 1008 696 1089 utraque
734 1006 899 1089 post
930 994 1246 1090 apertius
1278 988 1865 1091 perscribemusss.
1887 1000 2100 1070 Nunc
2131 998 2519 1074 honestatis

390 1104 703 1173 rationes
738 1104 1055 1199 primum
1098 1104 1556 1200 explicemus.

488 1216 666 1283 L111.
707 1211 909 1308 (mv.)
955 1211 1170 1301 Quod
1222 1226 1347 1283 aut
1392 1227 1656 1299 totum,
1717 1228 1842 1283 aut
1895 1213 2128 1311 aliqua
2185 1242 2274 1287 ex
2319 1236 2522 1316 parte

392 1337 691 1419 propter
728 1346 804 1392 se
841 1323 1135 1418 petitur,
1192 1321 1574 1393 honestum
1617 1323 2151 1397 nominabimus
2181 1338 2229 1397 ¹.
2280 1330 2524 1418 Quare

393 1456 623 1528 quum
662 1432 817 1527 ejus
861 1430 1021 1501 duae
1060 1446 1301 1529 partes
1339 1435 1524 1519 sint,
1564 1456 1872 1528 quarum
1919 1434 2136 1505 altera
2176 1438 2478 1536 simplex
2504 1494 2522 1525 ‚

394 1541 612 1613 altera
652 1542 906 1637 juncta
948 1542 1083 1629 sit,
1126 1542 1524 1641 simplicem
1564 1544 1764 1639 prius
1809 1544 2365 1618 consideremus.
2405 1554 2530 1619 Est

394 1654 611 1748 igitur
646 1655 721 1721 in
760 1676 850 1721 eo
900 1676 1163 1747 genere
1200 1676 1451 1723 omnes
1490 1675 1606 1721 res
1655 1676 1800 1722 una
1836 1653 1904 1721 vi
1947 1668 2164 1750 atque
2211 1680 2362 1726 uno
2401 1682 2533 1728 no-

394 1762 589 1833 mine
633 1761 960 1859 amplexa
1007 1764 1257 1831 virtus,
1302 1765 1479 1831 Nam
1527 1764 1755 1830 virtus
1813 1778 1921 1831 est
1965 1766 2185 1835 animi
2241 1766 2528 1839 habitus

362 1886 669 1943 'natnrae
714 1871 973 1957 mod0‚
1042 1873 1303 1941 rationi
1364 1884 1967 1941 consentaneus2.
2033 1876 2528 1964 Quamobrem

395 1983 734 2055 omnibus
772 1983 927 2077 ejus
964 1979 1289 2077 partibus
1320 1980 1659 2075 cognitiS‚
1691 1992 1842 2050 tota
1877 1981 1983 2051 vis
2017 1986 2151 2051 erit
2189 1986 2528 2082 simplicis

394 2091 789 2163 honestatis
826 2086 1291 2160 considerata.
1330 2087 1565 2159 Habet
1603 2089 1822 2184 igitur
1852 2088 2138 2187 partes³
2172 2108 2524 2188 quatuor:

394 2202 853 2299 prudentiam
878 2254 897 2285 ‚
929 2200 1275 2295 justitiam
1303 2253 1322 2286 ‚
1367 2196 1904 2283 fortitudinem,
1952 2204 2524 2297 temperantiam.

394 2312 779 2386 Prudentia
814 2324 923 2383 est
960 2334 1207 2382 rernm
1248 2308 1606 2381 bonarum
1633 2365 1652 2394 ‚
1687 2324 1760 2380 et
1809 2308 2196 2401 malarum,
2237 2327 2528 2387 neutra-

395 2429 751 2521 rumque‘*
783 2423 1100 2504 scientia.
1138 2425 1379 2492 Partes
1403 2421 1596 2515 ejus,
1619 2422 1961 2491 memoria
1984 2475 2003 2507 ‚
2030 2421 2524 2520 intelligentia,

395 2533 871 2631 providentia.
927 2532 1277 2602 Memoria
1312 2545 1457 2626 est,
1503 2553 1634 2627 per
1680 2554 1896 2627 quam
1937 2535 2216 2602 animus
2264 2538 2530 2630 repetit

396 2646 545 2732 illa,
584 2671 745 2742 quae
781 2643 1096 2714 fuerunt.
1138 2641 1619 2738 Intelligentia
1655 2655 1796 2725 est,
1824 2665 1958 2738 per
1993 2666 2210 2739 quam
2247 2667 2327 2714 ea
2361 2669 2522 2741 per-

394 2756 636 2853 spicit,
674 2779 831 2850 quae
865 2768 1054 2826 sunt.
1095 2751 1553 2823 Providentia
1585 2765 1690 2822 est
1712 2804 1732 2839 ‚
1768 2775 1896 2846 per
1931 2774 2149 2847 quam
2194 2750 2522 2826 futurum

396 2972 542 3031 inde,
579 2972 716 3036 quod
744 2972 903 3032 maior
924 2973 999 3019 vis
1023 2965 1097 3018 es't
1119 2971 1415 3026 honestatis,
1503 2979 1616 3016 ante
1659 2965 1844 3016 rationi
1877 2985 1939 3016 ex
1979 2969 2072 3017 MS
2114 2970 2277 3021 Guelf.
2313 2971 2524 3024 inserere

397 3069 497 3101 non
524 3033 686 3114 potest
702 3050 899 3112 colligi,
915 3051 1053 3097 utilia
1071 3050 1289 3098 bonati·
1301 3049 1417 3109 jun·
1505 3069 1532 3090 ιι
1551 3058 1698 3111 atque
1721 3058 1792 3095 est
1815 3061 1830 3095 ε
1858 3047 2006 3095 animi
2039 3047 2238 3098 habitus
2268 3063 2524 3101 conuenta·

398 3143 475 3179 cta
502 3147 530 3178 e
554 3127 741 3191 duplici
762 3143 864 3174 ease
891 3141 1076 3190 genere.
1115 3129 1211 3174 Pro
1224 3125 1417 3192 juncta
1502 3143 1624 3175 neus
1649 3138 1833 3175 naturae
1855 3127 2004 3175 modo
2026 3139 2172 3192 atque
2191 3130 2438 3192 rationi»,
2465 3145 2524 3182 ut

397 3225 473 3257 res
491 3210 593 3274 ipse
613 3206 810 3272 reposui
822 3206 999 3270 juncea
1021 3220 1157 3260 esse,
1195 3205 1330 3269 quod
1351 3203 1413 3250 ad
1501 3207 1564 3254 sit
1589 3206 1763 3255 modus
1789 3209 1928 3272 quod
1954 3211 2162 3258 Horatio
2198 3210 2371 3272 (Sem.
2392 3215 2446 3276 1,
2473 3228 2524 3275 ι,

396 3289 503 3337 hoec
529 3285 673 3336 tertia
700 3286 919 3333 refertur.
944 3286 1059 3332 Seu.
1330 3285 1336 3294 '
1510 3285 1665 3351 ωδ),
1703 3307 1730 3329 α
1751 3289 1872 3335 certi
1915 3286 2038 3336 fines
2057 3310 2096 3338 ι.
2131 3291 2306 3338 Wrrz.
2347 3317 2416 3328 -
2459 3295 2524 3342 Bt

375 3428 388 3440 .
426 3369 435 3380 ⁸
471 3384 517 3429 7.
540 3365 767 3433 Affectio,
796 3379 866 3414 σο.
888 3363 1054 3412 animi.
1076 3363 1225 3427 Resp.
1246 3363 1289 3422 1,
1316 3361 1413 3424 553
1500 3365 1695 3429 quidem
1715 3365 1785 3414 sic
1803 3366 1878 3414 vel
1896 3367 1999 3414 eine
2019 3366 2350 3416 additamento
2369 3385 2530 3436 oopus·

396 3449 445 3496 11
458 3483 475 3510 ‚
500 3463 551 3510 9,
1418 3502 1432 3509 -
1499 3444 1660 3492 lativae
1686 3457 1860 3509 atque,
1897 3446 2178 3511 inter-pungi
2223 3457 2274 3496 et
2315 3450 2522 3515 intelligi

470 3530 517 3577 8.
536 3529 610 3574 De
625 3538 825 3590 ueraque
842 3536 957 3588 pou
976 3523 1188 3588 apertius
1203 3522 1410 3587 pet-scri·
1496 3532 1677 3588 potest.

397 3603 576 3656 bem'us.
601 3608 724 3670 Cup.
751 3607 838 3666 57,
870 3603 955 3652 58.
1571 3602 1623 3650 3.
1669 3598 1822 3648 Habet
1856 3601 2005 3666 igitur
2031 3619 2085 3666 p.
2123 3614 2350 3668 quantor.
2394 3607 2520 3657 Vide

464 3687 596 3733 Lm.
637 3698 686 3735 1.
724 3682 1110 3732 nominabimus.
1140 3681 1412 3747 Purgoldus
1501 3682 1563 3729 de
1585 3678 1732 3728 offic.
1754 3681 1780 3726 1
1794 3713 1809 3736 ‚
1831 3679 1883 3727 5.

394 3766 608 3826 conjecit
633 3763 1013 3812 nominabamus.
1033 3762 1132 3812 Sed
1152 3761 1275 3810 nihil
1300 3775 1410 3809 mu·
1573 3769 1621 3818 4.
1661 3759 2066 3823 Nerati-aramque.
2109 3759 2190 3808 Sic
2229 3759 2360 3809 edidi
2406 3777 2518 3811 cum

396 3843 612 3894 tandum.
642 3845 759 3892 Seu.
1232 3895 1237 3900 ,
1502 3839 1735 3889 Lambino
1757 3873 1771 3898 ,
1811 3855 1902 3903 pro
1928 3839 2126 3902 vulgato
2156 3861 2182 3880 υ
2199 3852 2248 3888 et
2275 3851 2518 3888 uti-anim·

467 3939 518 3972 ιι.
547 3923 755 3972 rimu..
768 3924 957 3983 duodo,
970 3920 1413 3968 rationioonsema-
1501 3935 1598 3984 qne
1621 3939 1644 3960 ι
1661 3955 1676 3979 ,
1694 3918 1826 3982 quod
1845 3917 1986 3965 nihili
2012 3927 2098 3966 est.
2131 3939 2156 3958 ··
2175 3919 2272 3967 Res
2294 3929 2478 3970 πωπω
2495 3944 2522 3964 ‚-

396 4018 531 4052 ηοω.
554 4002 705 4050 Modo
740 4001 795 4049 h.
819 4019 862 4051 e.
892 4025 918 4046 ι
936 4017 1003 4060 σε
1026 3999 1205 4060 modo,
1240 4013 1413 4047 seeun-
1501 4007 1616 4046 sunt
1641 4013 1716 4044 res
1735 3995 1908 4043 mediae
1923 4029 1938 4056 ‚
1962 4009 2072 4059 quae
2109 4011 2202 4044 nee
2236 4001 2403 4060 hone,
2429 4015 2522 4050 neo

398 4081 514 4130 dum
556 4079 757 4128 modum
776 4101 817 4128 ιο.
855 4081 948 4128 Vel
998 4079 1039 4126 si
1077 4081 1230 4127 mavia
1248 4113 1263 4136 ,
1300 4093 1411 4127 enm
1499 4077 1639 4126 male
1656 4077 1888 4124 dicuntur
1908 4091 2000 4140 per
2023 4091 2090 4123 ne.
2117 4075 2254 4124 Nihil
2274 4078 2525 4143 vulg-tiu.

396 4165 445 4210 J.
465 4163 517 4209 F.
540 4161 843 4224 Heusingero
862 4157 985 4221 (vid.
1004 4157 1067 4205 ad
1084 4156 1230 4207 Offic.
1250 4160 1337 4216 ΠΙ,
1359 4158 1411 4220 3)
1503 4159 1553 4204 in
1587 4155 1894 4220 philosophi·
1933 4171 2099 4222 greca.
2143 4156 2270 4203 Ean.
2319 4185 2386 4195 --
2430 4159 2524 4211 Cui

2161 4243 2274 4312 32.
