2982 4682
680 389 807 456 DE
854 387 1457 472 ῙΝνΕΝΤιοΝΕ,
1507 387 1774 456 LIBER
1824 392 1928 474 11,
1989 413 2089 460 ιο.
2321 397 2400 478 [μ
2424 391 2464 466 5

331 512 509 583 toris
540 512 677 580 erit
704 506 1281 604 improbatione²
1320 508 1636 580 ho'minis
1675 511 1804 580 uti.
1839 513 2026 580 Nam
2057 535 2266 585 causa
2293 514 2458 586 sacti

332 644 591 717 parum
630 615 1096 688 firmitudinis
1134 615 1397 706 habet,
1450 617 1590 688 nisi
1633 620 1914 690 animus
1950 620 2138 715 ejus,
2184 629 2311 720 qui
2345 629 2458 696 in-

332 728 747 813 simulatur,
802 729 879 798 in
922 751 1075 796 eam
1130 729 1616 824 suspicionem
1652 727 2092 814 adducatur,
2135 747 2220 802 ut
2259 758 2300 803 a
2341 738 2464 806 tali

334 841 545 936 culpa
596 863 749 908 non
806 834 1133 906 videatur
1193 835 1676 909 abhorruisse.
1739 841 1837 907 Ut
1894 839 2088 908 enim
2141 841 2458 910 animum

334 949 636 1044 alicujus
670 944 1089 1044 improbare
1127 946 1306 1016 nihil
1334 951 1626 1036 attinet,
1677 971 1908 1044 quum
1943 971 2193 1035 causa,
2240 974 2464 1044 quare

338 1049 805 1156 peccaverit3,
844 1079 995 1126 non
1041 1057 1443 1127 intercessit
1464 1055 1544 1126 4:
1581 1059 2000 1128 sic-causam
2039 1059 2464 1155 peccati·in-

337 1166 707 1240 tercedere
753 1167 907 1237 leve
964 1179 1111 1253 est,
1168 1168 1224 1236 si
1280 1167 1566 1237 animus
1624 1166 1804 1237 nulli
1859 1171 2100 1238 minus
2146 1167 2466 1240 honestae

341 1278 599 1350 rationi
640 1273 875 1348 affinis
918 1273 1344 1346 ostenditur.
1412 1279 1662 1364 Quare
1708 1277 1928 1347 vitam
1985 1276 2174 1372 ejus,
2245 1303 2464 1375 quem

343 1389 573 1483 arguit
592 1441 611 1471 ,
648 1409 734 1456 ex
768 1400 933 1456 ante
962 1383 1163 1454 factis
1191 1397 1564 1455 accusator
1587 1384 1999 1482 improbare
2029 1386 2360 1473 debebit,
2395 1403 2472 1459 et

343 1496 762 1583 ostendere,
808 1499 866 1564 si
908 1521 1057 1592 quo
1096 1497 1167 1563 in
1208 1496 1363 1591 pari
1404 1510 1574 1566 ante
1613 1510 1910 1593 peccato
1947 1498 2318 1568 convictus
2355 1483 2465 1568 sit.

343 1609 411 1676 Si
446 1607 521 1678 id
560 1630 709 1676 non
740 1597 1089 1703 poterit53
1128 1605 1187 1674 si
1218 1613 1437 1701 quam
1471 1607 1548 1676 in
1577 1605 1882 1676 similem
1921 1620 2086 1676 ante
2117 1611 2468 1706 suspicio-

344 1741 516 1790 nem
548 1717 826 1786 venerit
849 1768 868 1801 ,
894 1738 979 1785 ac
1004 1717 1317 1786 maxime
1336 1769 1355 1799 ,
1390 1716 1449 1786 si
1476 1713 1634 1784 fieri
1668 1716 1934 1812 poterit
1955 1717 2202 1804 ,simili
2221 1718 2468 1816 aliquo

347 1828 423 1895 in
450 1847 712 1922 genere
740 1823 1059 1918 ejusdem
1090 1823 1287 1893 modi
1318 1841 1530 1894 causa
1559 1824 1794 1920 aliqua
1823 1841 2264 1897 commotum
2303 1853 2468 1924 pec·

345 1959 573 2021 casse,
608 1948 731 2004 aut
768 1937 844 2004 in
879 1959 1081 2030 aeque
1122 1957 1383 2029 magna
1417 1959 1535 2019 re,
1579 1947 1705 2022 aut
1735 1936 1826 2003 in
1875 1935 2178 2027 majore,
2225 1953 2349 2007 aut
2395 1940 2470 2009 in

348 2048 675 2116 minore.
702 2059 787 2116 ut
814 2047 911 2128 si,
940 2040 1206 2156 quem6
1239 2045 1549 2140 pecunia
1569 2042 1764 2116 dicat
1781 2041 2158 2113 inductum
2191 2042 2470 2136 fecisse,

348 2158 576 2254 possit
614 2155 1107 2226 demonstrare
1115 2132 1429 2277 aliqua
1413 2177 1485 2222 ln
1525 2177 1604 2224 re
1643 2153 1842 2247 ejus?
1881 2153 2172 2259 aliquod
2206 2152 2470 2226 factum

351 2289 663 2348 avarum.
705 2271 889 2335 Item
936 2267 1011 2333 iu
1068 2265 1267 2334 omni
1316 2286 1528 2334 causa
1565 2279 1938 2349 naturam,
1989 2279 2114 2333 aut
2159 2266 2426 2335 victum
2452 2321 2471 2354 ,

352 2389 478 2447 aut
514 2374 873 2456 studium,
928 2386 1055 2444 aut
1082 2371 1447 2445 fortunam
1472 2430 1491 2462 ,
1517 2390 1644 2446 aut
1678 2374 1952 2470 aliquid
1991 2400 2275 2461 eorum,
2317 2401 2478 2472 quae

352 2487 679 2583 personis
706 2484 1049 2557 attributa
1085 2499 1289 2571 sunt,
1320 2485 1411 2556 ad
1435 2508 1608 2556 eam.
1623 2510 1906 2557 causam
1933 2540 1952 2572 ,
1995 2510 2138 2581 qua
2169 2510 2482 2557 commo·

354 2610 509 2667 tum
540 2620 865 2695 peccasse
900 2596 1125 2683 dicet,
1160 2595 1588 2693 adjungere,
1629 2612 1846 2692 atque
1885 2620 1973 2666 ex
2005 2594 2266 2693 dispari
2303 2610 2480 2692 quo-

354 2730 501 2804 que
548 2719 811 2803 genere
856 2706 1267 2803 culparum,
1322 2708 1379 2777 si
1439 2730 1528 2776 ex
1582 2708 1738 2803 pari
1791 2706 2127 2775 sumendi
2188 2704 2484 2777 facultas

358 2838 508 2885 non
552 2818 727 2901 erit,
784 2815 1197 2913 improbare
1254 2817 1572 2885 animum
1635 2814 2020 2885 adversarii
2065 2814 2482 2913 oportebit:

429 3039 482 3070 2.
506 3020 879 3085 1mprobaaeione.
912 3020 1171 3095 Schiitzius
1206 3021 1255 3069 in
1284 3020 1373 3069 lm-

350 3100 660 3166 probatione.

431 3182 480 3228 3.
506 3178 799 3228 Peccaven't.
824 3179 949 3226 MSS
976 3178 1108 3226 Cass.
1135 3179 1236 3225 Gn.
1264 3192 1379 3241 pee-

359 3260 504 3320 ean't,
522 3258 657 3323 quod
678 3257 873 3305 videtur
900 3272 1000 3304 esse
1019 3270 1111 3320 pio
1128 3261 1375 3321 peccaret.

361 3350 489 3397 Ena.
512 3376 585 3385 -
604 3348 726 3397 MSS
753 3346 885 3394 Oud.
916 3346 1047 3394 Cass.
1076 3343 1237 3393 Guelf.
1261 3358 1381 3407 pee-

362 3426 507 3483 cavit,
531 3426 675 3474 bene.
702 3430 817 3477 scu.

1464 3022 1612 3071 codd.
1633 3020 1940 3081 addicerent,
1958 3020 2094 3069 hand
2109 3038 2404 3087 spernerem.
2420 3026 2490 3073 Ut

1464 3116 1597 3148 nuuc
1627 3109 1697 3147 est
1713 3132 1729 3157 ,
1751 3100 1868 3147 licet
1899 3116 1962 3147 ex
1984 3101 2382 3149 antecedentibus
2409 3119 2484 3151 re·

1466 3190 1634 3245 petere
1651 3178 1891 3227 ostendet.
1917 3182 2036 3227 Sca.

1541 3259 1591 3308 6.
1632 3261 1698 3306 Ue
1732 3258 1779 3305 εἰ
1795 3292 1811 3317 ,

1469 3338 1623 3403 prims
1643 3354 1657 3397 ;
1700 3353 1761 3384 ne
1800 3337 1897 3386 hoe
1943 3339 2071 3386 sorte
2109 3340 2220 3402 quis
2263 3342 2496 3389 attribuat

1472 3418 1708 3468 Lembino
1727 3432 1741 3467 :
1766 3418 1958 3481 vulgata
1978 3418 2022 3465 si
2043 3418 2151 3482 qui,
2174 3420 2299 3467 MSS
2319 3420 2366 3467 si
2387 3420 2499 3484 qui·

1850 3275 2008 3323 quem.
2050 3260 2139 3307 Est
2172 3258 2236 3307 ab
2276 3258 2492 3309 editione
2591 3248 2600 3261 ⁸

440 3511 486 3556 4.
515 3505 802 3553 Inter-cessit.
832 3502 961 3552 eod.
979 3505 1124 3551 Voss.
1150 3517 1195 3548 c.
1225 3500 1381 3549 schol.

365 3597 392 3628 a
408 3596 474 3628 m.
495 3597 571 3645 pr.
589 3584 734 3630 Voss.
761 3599 805 3640 ι,
826 3582 963 3631 Leid.
992 3598 1163 3631 omnes
1190 3591 1239 3627 et
1261 3581 1386 3628 MSS

368 3661 505 3709 Cass.
546 3662 647 3709 Gn.
685 3664 853 3709 Recte.
891 3661 1022 3708 Olim
1062 3662 1116 3708 in
1159 3659 1384 3725 plurimis

366 3738 482 3787 edd.
499 3738 833 3788 intercesserit.
858 3743 973 3789 Son.

440 3818 491 3865 5.
519 3817 573 3864 Si
602 3816 657 3864 id
670 3834 769 3865 non
798 3818 990 3881 poterit.
1015 3818 1223 3867 Pessima
1242 3818 1385 3867 lectio
1420 3828 1439 3847 ⁸

370 3896 550 3944 insedit
580 3896 773 3944 Ernesti
810 3896 1069 3945 editionem
1089 3931 1105 3956 ,
1144 3914 1171 3945 e
1214 3914 1308 3962 qua
1335 3898 1385 3944 in

369 3978 681 4039 Bipontinsm
708 3975 868 4033 fluxit,
897 3976 1023 4025 «sed
1038 3976 1091 4024 id
1118 3993 1220 4025 non
1247 3988 1387 4039 pote-

370 4058 435 4105 rit
460 4077 502 4104 n.
530 4058 647 4104 Post
674 4056 858 4121 poterit
890 4056 1028 4103 addit
1069 4054 1179 4103 eod.
1207 4056 1386 4104 Altorf.

375 4157 399 4175 α
420 4148 687 4185 monstrare
714 4134 914 4184 debebit
934 4157 958 4177 ι·
974 4168 989 4196 ,
1012 4134 1147 4198 quod
1173 4136 1389 4200 sipiares

1473 3497 1581 3546 dem
1601 3534 1614 3554 ,
1642 3498 1758 3545 item
1777 3495 1823 3545 si
1843 3496 1976 3561 quid.
1999 3496 2498 3547 Gnu‘r.—Schfitzius

1474 3578 1782 3625 emendatum
1809 3595 1834 3624 s
1861 3576 2098 3625 Lambino
2123 3590 2264 3642 putet
2289 3590 2338 3627 et
2378 3578 2496 3626 olim

1472 3656 1617 3705 fuisse
1647 3656 1802 3715 dicit,
1827 3678 1852 3698 α
1879 3657 1921 3702 si
1959 3657 2068 3719 quis
2085 3677 2108 3697 ι
2125 3690 2140 3713 ,
2169 3658 2330 3703 minus
2364 3668 2496 3720 apte.

1549 3753 1598 3797 7.
1623 3734 1785 3783 Possit
1808 3736 2144 3783 demonstrare
2168 3736 2344 3801 aliqua
2370 3734 2419 3781 in
2448 3752 2500 3782 re

1474 3816 1578 3883 ejus
1605 3813 1826 3879 aliquod.
1867 3812 2120 3863 Schiitsius
2155 3814 2357 3861 retraxit
2395 3813 2500 3879 ejus

1474 3907 1588 3943 snte
1609 3895 1788 3959 possit,
1815 3896 1950 3959 quod
1971 3894 2262 3943 concinnius
2285 3910 2388 3941 esse
2401 3894 2502 3954 jam

1476 3976 1668 4023 Ernesti
1711 3985 1988 4032 monuerat3
2025 3973 2149 4031 nisi,
2190 3972 2503 4037 inquit,·pro

1478 4071 1619 4117 quem
1647 4053 1956 4102 scribendum
1987 4050 2090 4115 qm'.
2121 4052 2210 4100 Ms
2249 4054 2386 4102 Cass.
2421 4052 2506 4101 dat

1478 4133 1694 4198 quidem.
