<?xml version="1.0" encoding="UTF-8"?>
<!DOCTYPE html PUBLIC "-//W3C//DTD XHTML 1.0 Transitional//EN"
    "http://www.w3.org/TR/xhtml1/DTD/xhtml1-transitional.dtd">
<html xmlns="http://www.w3.org/1999/xhtml" xml:lang="en" lang="en">
 <head>
  <title>
</title>
<meta http-equiv="Content-Type" content="text/html;charset=utf-8" />
  <meta name='ocr-system' content='tesseract 3.04.00' />
  <meta name='ocr-capabilities' content='ocr_page ocr_carea ocr_par ocr_line ocrx_word'/>
</head>
<body>
  <div class='ocr_page' id='page_1' title='image "./mtciceronisquae07lemagoog_0556.png"; bbox 0 0 2982 4682; ppageno 0'>
   <div class='ocr_carea' id='block_1_1' title="bbox 500 285 1950 363">
    <p class='ocr_par' dir='ltr' id='par_1_1' title="bbox 500 285 1950 363">
     <span class='ocr_line' id='line_1_1' title="bbox 500 285 1950 363; baseline -0.006 -1"><span class='ocrx_word' id='word_1_1' title='bbox 500 288 639 363; x_wconf 81' lang='lat'><strong>530</strong></span> <span class='ocrx_word' id='word_1_2' title='bbox 1186 292 1281 357; x_wconf 80' lang='lat' dir='ltr'><strong>M.</strong></span> <span class='ocrx_word' id='word_1_3' title='bbox 1333 290 1408 357; x_wconf 90' lang='grc' dir='ltr'><strong>Τ.</strong></span> <span class='ocrx_word' id='word_1_4' title='bbox 1464 285 1950 356; x_wconf 87' lang='lat' dir='ltr'>CICERONIS</span> 
     </span>
    </p>
   </div>
   <div class='ocr_carea' id='block_1_2' title="bbox 476 407 2628 2598">
    <p class='ocr_par' dir='ltr' id='par_1_2' title="bbox 489 407 2628 1168">
     <span class='ocr_line' id='line_1_2' title="bbox 496 407 2626 508; baseline -0.002 -23"><span class='ocrx_word' id='word_1_5' title='bbox 496 426 803 485; x_wconf 85' lang='lat' dir='ltr'><strong>tractant</strong></span> <span class='ocrx_word' id='word_1_6' title='bbox 832 465 850 495; x_wconf 90' lang='lat'>‚</span> <span class='ocrx_word' id='word_1_7' title='bbox 894 411 1167 508; x_wconf 87' lang='lat' dir='ltr'><strong>species</strong></span> <span class='ocrx_word' id='word_1_8' title='bbox 1204 408 1570 506; x_wconf 84' lang='lat' dir='ltr'><strong>appellant</strong></span> <span class='ocrx_word' id='word_1_9' title='bbox 1598 435 1618 495; x_wconf 93' lang='lat'>;</span> <span class='ocrx_word' id='word_1_10' title='bbox 1647 430 1796 477; x_wconf 89' lang='lat' dir='ltr'><strong>non</strong></span> <span class='ocrx_word' id='word_1_11' title='bbox 1837 410 2146 504; x_wconf 78' lang='lat' dir='ltr'>pessime</span> <span class='ocrx_word' id='word_1_12' title='bbox 2183 407 2256 479; x_wconf 89' lang='lat' dir='ltr'><strong>id</strong></span> <span class='ocrx_word' id='word_1_13' title='bbox 2291 410 2588 507; x_wconf 87' lang='lat' dir='ltr'><strong>quidem</strong></span> <span class='ocrx_word' id='word_1_14' title='bbox 2607 468 2626 499; x_wconf 92' lang='lat'>,</span> 
     </span>
     <span class='ocr_line' id='line_1_3' title="bbox 495 517 2624 595; baseline -0.001 0"><span class='ocrx_word' id='word_1_15' title='bbox 495 522 623 595; x_wconf 85' lang='lat' dir='ltr'><strong>sed</strong></span> <span class='ocrx_word' id='word_1_16' title='bbox 658 520 1010 594; x_wconf 80' lang='lat' dir='ltr'>inutiliter</span> <span class='ocrx_word' id='word_1_17' title='bbox 1062 520 1151 591; x_wconf 90' lang='lat' dir='ltr'><strong>ad</strong></span> <span class='ocrx_word' id='word_1_18' title='bbox 1196 518 1584 591; x_wconf 89' lang='lat' dir='ltr'><strong>mutandos</strong></span> <span class='ocrx_word' id='word_1_19' title='bbox 1625 542 1832 589; x_wconf 84' lang='lat' dir='ltr'><strong>casus</strong></span> <span class='ocrx_word' id='word_1_20' title='bbox 1865 519 1940 588; x_wconf 90' lang='lat' dir='ltr'><strong>in</strong></span> <span class='ocrx_word' id='word_1_21' title='bbox 1993 517 2328 589; x_wconf 87' lang='lat' dir='ltr'><strong>dicendo.</strong></span> <span class='ocrx_word' id='word_1_22' title='bbox 2383 521 2624 593; x_wconf 79' lang='lat' dir='ltr'><strong>Nolim</strong></span> 
     </span>
     <span class='ocr_line' id='line_1_4' title="bbox 498 630 2628 728; baseline -0.001 -22"><span class='ocrx_word' id='word_1_23' title='bbox 498 636 687 706; x_wconf 89' lang='lat' dir='ltr'><strong>enim</strong></span> <span class='ocrx_word' id='word_1_24' title='bbox 710 688 730 720; x_wconf 87' lang='lat'><strong>,</strong></span> <span class='ocrx_word' id='word_1_25' title='bbox 760 656 853 704; x_wconf 90' lang='lat' dir='ltr'><strong>ne</strong></span> <span class='ocrx_word' id='word_1_26' title='bbox 882 634 939 703; x_wconf 89' lang='lat' dir='ltr'><strong>si</strong></span> <span class='ocrx_word' id='word_1_27' title='bbox 970 632 1189 703; x_wconf 86' lang='lat' dir='ltr'><strong>latine</strong></span> <span class='ocrx_word' id='word_1_28' title='bbox 1224 630 1518 727; x_wconf 89' lang='lat' dir='ltr'><strong>quidem</strong></span> <span class='ocrx_word' id='word_1_29' title='bbox 1551 631 1690 702; x_wconf 88' lang='lat' dir='ltr'><strong>dici</strong></span> <span class='ocrx_word' id='word_1_30' title='bbox 1722 634 1950 727; x_wconf 89' lang='lat' dir='ltr'>possit</span> <span class='ocrx_word' id='word_1_31' title='bbox 1971 684 1990 716; x_wconf 91' lang='lat'>‚</span> <span class='ocrx_word' id='word_1_32' title='bbox 2023 659 2058 694; x_wconf 82' lang='grc' dir='ltr'><strong>α</strong></span> <span class='ocrx_word' id='word_1_33' title='bbox 2079 633 2529 728; x_wconf 72' lang='lat' dir='ltr'><strong>specierum»</strong></span> <span class='ocrx_word' id='word_1_34' title='bbox 2553 646 2628 703; x_wconf 88' lang='lat' dir='ltr'><strong>et</strong></span> 
     </span>
     <span class='ocr_line' id='line_1_5' title="bbox 490 740 2620 842; baseline 0.001 -32"><span class='ocrx_word' id='word_1_35' title='bbox 490 775 527 810; x_wconf 75' lang='grc' dir='ltr'><strong>α</strong></span> <span class='ocrx_word' id='word_1_36' title='bbox 553 741 932 842; x_wconf 82' lang='lat' dir='ltr'><strong>speciebus</strong></span> <span class='ocrx_word' id='word_1_37' title='bbox 950 773 984 809; x_wconf 85' lang='lat'>»</span> <span class='ocrx_word' id='word_1_38' title='bbox 1014 742 1287 827; x_wconf 82' lang='lat' dir='ltr'><strong>dicere3</strong></span> <span class='ocrx_word' id='word_1_39' title='bbox 1318 756 1389 812; x_wconf 91' lang='lat' dir='ltr'><strong>et</strong></span> <span class='ocrx_word' id='word_1_40' title='bbox 1418 766 1601 839; x_wconf 80' lang='lat' dir='ltr'><strong>soepe</strong></span> <span class='ocrx_word' id='word_1_41' title='bbox 1629 740 1742 810; x_wconf 82' lang='lat' dir='ltr'><strong>his</strong></span> <span class='ocrx_word' id='word_1_42' title='bbox 1779 740 2060 811; x_wconf 81' lang='lat' dir='ltr'>casibus</span> <span class='ocrx_word' id='word_1_43' title='bbox 2087 741 2440 812; x_wconf 84' lang='lat' dir='ltr'><strong>utendum</strong></span> <span class='ocrx_word' id='word_1_44' title='bbox 2467 758 2578 813; x_wconf 88' lang='lat' dir='ltr'><strong>est</strong></span> <span class='ocrx_word' id='word_1_45' title='bbox 2603 770 2620 812; x_wconf 71' lang='grc' dir='ltr'><em>ε</em></span> 
     </span>
     <span class='ocr_line' id='line_1_6' title="bbox 489 849 2626 943; baseline -0.002 -16"><span class='ocrx_word' id='word_1_46' title='bbox 489 868 565 927; x_wconf 86' lang='lat' dir='ltr'><strong>at</strong></span> <span class='ocrx_word' id='word_1_47' title='bbox 596 851 947 924; x_wconf 80' lang='lat' dir='ltr'><strong>«formis»</strong></span> <span class='ocrx_word' id='word_1_48' title='bbox 974 866 1047 924; x_wconf 87' lang='lat' dir='ltr'><strong>et</strong></span> <span class='ocrx_word' id='word_1_49' title='bbox 1076 882 1110 918; x_wconf 78' lang='lat' dir='ltr'><strong>nt</strong></span> <span class='ocrx_word' id='word_1_50' title='bbox 1130 849 1570 923; x_wconf 73' lang='lat' dir='ltr'><strong>formarum»</strong></span> <span class='ocrx_word' id='word_1_51' title='bbox 1599 851 1835 922; x_wconf 76' lang='lat' dir='ltr'><strong>velim.</strong></span> <span class='ocrx_word' id='word_1_52' title='bbox 1870 854 2118 943; x_wconf 89' lang='lat' dir='ltr'><strong>Quum</strong></span> <span class='ocrx_word' id='word_1_53' title='bbox 2149 866 2392 921; x_wconf 85' lang='lat' dir='ltr'><strong>autem</strong></span> <span class='ocrx_word' id='word_1_54' title='bbox 2417 866 2626 923; x_wconf 86' lang='lat' dir='ltr'><strong>utro-</strong></span> 
     </span>
     <span class='ocr_line' id='line_1_7' title="bbox 492 960 2624 1060; baseline -0 -26"><span class='ocrx_word' id='word_1_55' title='bbox 492 988 639 1060; x_wconf 88' lang='lat' dir='ltr'><strong>que</strong></span> <span class='ocrx_word' id='word_1_56' title='bbox 654 962 883 1033; x_wconf 89' lang='lat' dir='ltr'><strong>verbo</strong></span> <span class='ocrx_word' id='word_1_57' title='bbox 906 960 1097 1034; x_wconf 87' lang='lat' dir='ltr'><strong>idem</strong></span> <span class='ocrx_word' id='word_1_58' title='bbox 1126 960 1590 1058; x_wconf 84' lang='lat' dir='ltr'><strong>significetur,</strong></span> <span class='ocrx_word' id='word_1_59' title='bbox 1609 960 2196 1033; x_wconf 86' lang='lat' dir='ltr'><strong>commoditatem</strong></span> <span class='ocrx_word' id='word_1_60' title='bbox 2215 964 2292 1031; x_wconf 91' lang='lat' dir='ltr'><strong>in</strong></span> <span class='ocrx_word' id='word_1_61' title='bbox 2311 960 2624 1035; x_wconf 81' lang='lat' dir='ltr'><strong>dicendo</strong></span> 
     </span>
     <span class='ocr_line' id='line_1_8' title="bbox 494 1071 1562 1168; baseline -0.001 -25"><span class='ocrx_word' id='word_1_62' title='bbox 494 1098 645 1145; x_wconf 89' lang='lat' dir='ltr'><strong>non</strong></span> <span class='ocrx_word' id='word_1_63' title='bbox 683 1072 997 1143; x_wconf 78' lang='lat' dir='ltr'><strong>arbitror</strong></span> <span class='ocrx_word' id='word_1_64' title='bbox 1036 1071 1562 1168; x_wconf 80' lang='lat' dir='ltr'><strong>negligendam.</strong></span> 
     </span>
    </p>

    <p class='ocr_par' dir='ltr' id='par_1_3' title="bbox 476 1179 2625 2598">
     <span class='ocr_line' id='line_1_9' title="bbox 586 1179 2624 1255; baseline -0.001 0"><span class='ocrx_word' id='word_1_65' title='bbox 586 1186 836 1255; x_wconf 87' lang='lat' dir='ltr'><strong>Genus</strong></span> <span class='ocrx_word' id='word_1_66' title='bbox 872 1196 945 1253; x_wconf 87' lang='lat' dir='ltr'><strong>et</strong></span> <span class='ocrx_word' id='word_1_67' title='bbox 984 1180 1291 1251; x_wconf 84' lang='lat' dir='ltr'><strong>sormam</strong></span> <span class='ocrx_word' id='word_1_68' title='bbox 1330 1181 1692 1252; x_wconf 87' lang='lat' dir='ltr'><strong>definiunt</strong></span> <span class='ocrx_word' id='word_1_69' title='bbox 1735 1179 1875 1251; x_wconf 87' lang='lat' dir='ltr'><strong>hoe</strong></span> <span class='ocrx_word' id='word_1_70' title='bbox 1910 1179 2132 1251; x_wconf 88' lang='lat' dir='ltr'><strong>modo</strong></span> <span class='ocrx_word' id='word_1_71' title='bbox 2167 1204 2182 1249; x_wconf 74' lang='grc' dir='ltr'><strong><em>ε</em></strong></span> <span class='ocrx_word' id='word_1_72' title='bbox 2221 1184 2468 1252; x_wconf 86' lang='lat' dir='ltr'><strong>Genus</strong></span> <span class='ocrx_word' id='word_1_73' title='bbox 2513 1197 2624 1253; x_wconf 88' lang='lat' dir='ltr'><strong>est</strong></span> 
     </span>
     <span class='ocr_line' id='line_1_10' title="bbox 488 1289 2625 1390; baseline -0.001 -24"><span class='ocrx_word' id='word_1_74' title='bbox 488 1296 693 1366; x_wconf 89' lang='lat' dir='ltr'><strong>notio</strong></span> <span class='ocrx_word' id='word_1_75' title='bbox 732 1293 821 1365; x_wconf 86' lang='lat' dir='ltr'><strong>ad</strong></span> <span class='ocrx_word' id='word_1_76' title='bbox 858 1292 1103 1390; x_wconf 88' lang='lat' dir='ltr'><strong>plures</strong></span> <span class='ocrx_word' id='word_1_77' title='bbox 1135 1289 1574 1363; x_wconf 82' lang='lat' dir='ltr'><strong>differentias</strong></span> <span class='ocrx_word' id='word_1_78' title='bbox 1613 1292 2008 1388; x_wconf 82' lang='lat' dir='ltr'><strong>pertinens.</strong></span> <span class='ocrx_word' id='word_1_79' title='bbox 2049 1296 2304 1363; x_wconf 88' lang='lat' dir='ltr'><strong>Forma</strong></span> <span class='ocrx_word' id='word_1_80' title='bbox 2341 1306 2453 1363; x_wconf 88' lang='lat' dir='ltr'><strong>est</strong></span> <span class='ocrx_word' id='word_1_81' title='bbox 2491 1318 2625 1364; x_wconf 88' lang='lat' dir='ltr'><strong>no-</strong></span> 
     </span>
     <span class='ocr_line' id='line_1_11' title="bbox 488 1400 2618 1499; baseline -0.003 -22"><span class='ocrx_word' id='word_1_82' title='bbox 488 1406 624 1490; x_wconf 84' lang='lat' dir='ltr'><strong>tio,</strong></span> <span class='ocrx_word' id='word_1_83' title='bbox 654 1403 861 1499; x_wconf 87' lang='lat' dir='ltr'><strong>cujus</strong></span> <span class='ocrx_word' id='word_1_84' title='bbox 893 1400 1297 1473; x_wconf 84' lang='lat' dir='ltr'><strong>differentia</strong></span> <span class='ocrx_word' id='word_1_85' title='bbox 1334 1400 1421 1471; x_wconf 87' lang='lat' dir='ltr'><strong>ad</strong></span> <span class='ocrx_word' id='word_1_86' title='bbox 1452 1416 1670 1499; x_wconf 85' lang='lat' dir='ltr'><strong>caput</strong></span> <span class='ocrx_word' id='word_1_87' title='bbox 1707 1404 1987 1498; x_wconf 85' lang='lat' dir='ltr'><strong>generis</strong></span> <span class='ocrx_word' id='word_1_88' title='bbox 2011 1416 2086 1472; x_wconf 92' lang='lat' dir='ltr'><strong>et</strong></span> <span class='ocrx_word' id='word_1_89' title='bbox 2113 1402 2320 1499; x_wconf 87' lang='lat' dir='ltr'><strong>quasi</strong></span> <span class='ocrx_word' id='word_1_90' title='bbox 2341 1400 2618 1473; x_wconf 86' lang='lat' dir='ltr'><strong>sontem</strong></span> 
     </span>
     <span class='ocr_line' id='line_1_12' title="bbox 486 1509 2620 1609; baseline -0 -24"><span class='ocrx_word' id='word_1_91' title='bbox 486 1512 740 1586; x_wconf 86' lang='lat' dir='ltr'><strong>referri</strong></span> <span class='ocrx_word' id='word_1_92' title='bbox 788 1525 1046 1609; x_wconf 88' lang='lat' dir='ltr'><strong>potest.</strong></span> <span class='ocrx_word' id='word_1_93' title='bbox 1096 1514 1486 1583; x_wconf 88' lang='lat' dir='ltr'><strong>Notionem</strong></span> <span class='ocrx_word' id='word_1_94' title='bbox 1533 1512 1856 1609; x_wconf 84' lang='lat' dir='ltr'><strong>appello,</strong></span> <span class='ocrx_word' id='word_1_95' title='bbox 1892 1509 2155 1609; x_wconf 82' lang='lat' dir='ltr'><strong>quam³</strong></span> <span class='ocrx_word' id='word_1_96' title='bbox 2203 1514 2432 1584; x_wconf 84' lang='lat' dir='ltr'><strong>Graeci</strong></span> <span class='ocrx_word' id='word_1_97' title='bbox 2461 1527 2620 1584; x_wconf 87' lang='lat' dir='ltr'><strong>tum</strong></span> 
     </span>
     <span class='ocr_line' id='line_1_13' title="bbox 484 1616 2618 1717; baseline -0.001 -26"><span class='ocrx_word' id='word_1_98' title='bbox 484 1627 749 1708; x_wconf 79' lang='grc' dir='ltr'><strong>ἔννοιαν,</strong></span> <span class='ocrx_word' id='word_1_99' title='bbox 790 1631 947 1688; x_wconf 88' lang='lat' dir='ltr'><strong>tum</strong></span> <span class='ocrx_word' id='word_1_100' title='bbox 980 1616 1283 1714; x_wconf 77' lang='grc' dir='ltr'>πρόληψιν</span> <span class='ocrx_word' id='word_1_101' title='bbox 1315 1616 1590 1688; x_wconf 84' lang='lat' dir='ltr'><strong>dicunt.</strong></span> <span class='ocrx_word' id='word_1_102' title='bbox 1627 1623 1726 1689; x_wconf 85' lang='lat' dir='ltr'><strong>Ea</strong></span> <span class='ocrx_word' id='word_1_103' title='bbox 1746 1632 1854 1689; x_wconf 88' lang='lat' dir='ltr'><strong>est</strong></span> <span class='ocrx_word' id='word_1_104' title='bbox 1886 1619 2094 1689; x_wconf 81' lang='lat' dir='ltr'><strong>insita</strong></span> <span class='ocrx_word' id='word_1_105' title='bbox 2131 1634 2206 1689; x_wconf 90' lang='lat' dir='ltr'><strong>et</strong></span> <span class='ocrx_word' id='word_1_106' title='bbox 2245 1634 2416 1691; x_wconf 88' lang='lat' dir='ltr'><strong>ante</strong></span> <span class='ocrx_word' id='word_1_107' title='bbox 2453 1644 2618 1717; x_wconf 87' lang='lat' dir='ltr'><strong>per·</strong></span> 
     </span>
     <span class='ocr_line' id='line_1_14' title="bbox 486 1717 2614 1828; baseline -0.001 -27"><span class='ocrx_word' id='word_1_108' title='bbox 486 1728 735 1828; x_wconf 74' lang='lat' dir='ltr'><strong>cepta⁴</strong></span> <span class='ocrx_word' id='word_1_109' title='bbox 786 1729 1143 1825; x_wconf 85' lang='lat' dir='ltr'><strong>cujusque</strong></span> <span class='ocrx_word' id='word_1_110' title='bbox 1186 1717 1475 1798; x_wconf 64' lang='lat' dir='ltr'><strong>formae-5</strong></span> <span class='ocrx_word' id='word_1_111' title='bbox 1515 1729 1872 1825; x_wconf 84' lang='lat' dir='ltr'><strong>cognitio,</strong></span> <span class='ocrx_word' id='word_1_112' title='bbox 1923 1728 2379 1799; x_wconf 86' lang='lat' dir='ltr'><strong>enodationis</strong></span> <span class='ocrx_word' id='word_1_113' title='bbox 2429 1728 2614 1799; x_wconf 83' lang='lat' dir='ltr'><strong>indi-</strong></span> 
     </span>
     <span class='ocr_line' id='line_1_15' title="bbox 482 1835 2616 1937; baseline -0 -25"><span class='ocrx_word' id='word_1_114' title='bbox 482 1840 659 1937; x_wconf 81' lang='lat' dir='ltr'><strong>gens</strong></span> <span class='ocrx_word' id='word_1_115' title='bbox 676 1835 729 1910; x_wconf 79' lang='lat'><strong>⁶.</strong></span> <span class='ocrx_word' id='word_1_116' title='bbox 783 1842 1057 1909; x_wconf 86' lang='lat' dir='ltr'><strong>Formae</strong></span> <span class='ocrx_word' id='word_1_117' title='bbox 1094 1839 1357 1935; x_wconf 86' lang='lat' dir='ltr'><strong>igitur⁷</strong></span> <span class='ocrx_word' id='word_1_118' title='bbox 1402 1852 1574 1909; x_wconf 87' lang='lat' dir='ltr'><strong>sunt</strong></span> <span class='ocrx_word' id='word_1_119' title='bbox 1621 1838 1764 1923; x_wconf 58' lang='lat' dir='ltr'><strong>hae,</strong></span> <span class='ocrx_word' id='word_1_120' title='bbox 1803 1840 1876 1907; x_wconf 90' lang='lat' dir='ltr'><strong>in</strong></span> <span class='ocrx_word' id='word_1_121' title='bbox 1933 1862 2114 1935; x_wconf 84' lang='lat' dir='ltr'><strong>quas</strong></span> <span class='ocrx_word' id='word_1_122' title='bbox 2149 1862 2418 1936; x_wconf 84' lang='lat' dir='ltr'><strong>genus,</strong></span> <span class='ocrx_word' id='word_1_123' title='bbox 2460 1840 2616 1911; x_wconf 88' lang='lat' dir='ltr'><strong>sine</strong></span> 
     </span>
     <span class='ocr_line' id='line_1_16' title="bbox 484 1946 2615 2045; baseline 0 -26"><span class='ocrx_word' id='word_1_124' title='bbox 484 1948 699 2019; x_wconf 84' lang='lat' dir='ltr'><strong>ullius</strong></span> <span class='ocrx_word' id='word_1_125' title='bbox 742 1948 1370 2045; x_wconf 69' lang='lat' dir='ltr'><strong>praetermissione,</strong></span> <span class='ocrx_word' id='word_1_126' title='bbox 1414 1946 1802 2019; x_wconf 87' lang='lat' dir='ltr'><strong>dividitur:</strong></span> <span class='ocrx_word' id='word_1_127' title='bbox 1845 1962 1928 2018; x_wconf 87' lang='lat' dir='ltr'><strong>ut</strong></span> <span class='ocrx_word' id='word_1_128' title='bbox 1955 1951 2016 2020; x_wconf 89' lang='lat' dir='ltr'><strong>si</strong></span> <span class='ocrx_word' id='word_1_129' title='bbox 2047 1949 2210 2045; x_wconf 88' lang='lat' dir='ltr'><strong>quis</strong></span> <span class='ocrx_word' id='word_1_130' title='bbox 2241 1951 2362 2045; x_wconf 86' lang='lat' dir='ltr'><strong>jus</strong></span> <span class='ocrx_word' id='word_1_131' title='bbox 2399 1954 2472 2018; x_wconf 91' lang='lat' dir='ltr'><strong>in</strong></span> <span class='ocrx_word' id='word_1_132' title='bbox 2511 1949 2615 2020; x_wconf 90' lang='lat' dir='ltr'><strong>le-</strong></span> 
     </span>
     <span class='ocr_line' id='line_1_17' title="bbox 480 2058 2616 2157; baseline 0 -27"><span class='ocrx_word' id='word_1_133' title='bbox 480 2082 643 2156; x_wconf 84' lang='lat' dir='ltr'><strong>gem</strong></span> <span class='ocrx_word' id='word_1_134' title='bbox 671 2112 691 2145; x_wconf 87' lang='lat'>‚</span> <span class='ocrx_word' id='word_1_135' title='bbox 726 2082 1041 2143; x_wconf 87' lang='lat' dir='ltr'><strong>morem,</strong></span> <span class='ocrx_word' id='word_1_136' title='bbox 1079 2058 1518 2154; x_wconf 68' lang='lat' dir='ltr'><strong>aequitatem,</strong></span> <span class='ocrx_word' id='word_1_137' title='bbox 1559 2058 1851 2129; x_wconf 86' lang='lat' dir='ltr'><strong>dividat.</strong></span> <span class='ocrx_word' id='word_1_138' title='bbox 1905 2064 2198 2130; x_wconf 86' lang='lat' dir='ltr'><strong>Formas</strong></span> <span class='ocrx_word' id='word_1_139' title='bbox 2235 2062 2362 2156; x_wconf 88' lang='lat' dir='ltr'><strong>qui</strong></span> <span class='ocrx_word' id='word_1_140' title='bbox 2407 2074 2616 2157; x_wconf 81' lang='lat' dir='ltr'><strong>putat</strong></span> 
     </span>
     <span class='ocr_line' id='line_1_18' title="bbox 480 2166 2615 2266; baseline 0 -25"><span class='ocrx_word' id='word_1_141' title='bbox 480 2170 673 2241; x_wconf 88' lang='lat' dir='ltr'><strong>idem</strong></span> <span class='ocrx_word' id='word_1_142' title='bbox 712 2166 909 2241; x_wconf 75' lang='lat' dir='ltr'><strong>esse⁸</strong></span> <span class='ocrx_word' id='word_1_143' title='bbox 930 2223 949 2253; x_wconf 89' lang='lat'>‚</span> <span class='ocrx_word' id='word_1_144' title='bbox 986 2168 1188 2265; x_wconf 84' lang='lat' dir='ltr'><strong>quod</strong></span> <span class='ocrx_word' id='word_1_145' title='bbox 1223 2183 1461 2266; x_wconf 83' lang='lat' dir='ltr'><strong>partes</strong></span> <span class='ocrx_word' id='word_1_146' title='bbox 1487 2222 1508 2255; x_wconf 92' lang='lat'><strong><em>,</em></strong></span> <span class='ocrx_word' id='word_1_147' title='bbox 1543 2168 1924 2241; x_wconf 85' lang='lat' dir='ltr'><strong>confundit</strong></span> <span class='ocrx_word' id='word_1_148' title='bbox 1956 2184 2222 2253; x_wconf 83' lang='lat' dir='ltr'><strong>artem,</strong></span> <span class='ocrx_word' id='word_1_149' title='bbox 2263 2186 2335 2242; x_wconf 92' lang='lat' dir='ltr'><strong>et</strong></span> <span class='ocrx_word' id='word_1_150' title='bbox 2371 2170 2615 2241; x_wconf 88' lang='lat' dir='ltr'><strong>simili-</strong></span> 
     </span>
     <span class='ocr_line' id='line_1_19' title="bbox 478 2272 2612 2378; baseline 0 -26"><span class='ocrx_word' id='word_1_151' title='bbox 478 2280 735 2353; x_wconf 88' lang='lat' dir='ltr'><strong>tudine</strong></span> <span class='ocrx_word' id='word_1_152' title='bbox 777 2279 1089 2378; x_wconf 88' lang='lat' dir='ltr'><strong>quadam</strong></span> <span class='ocrx_word' id='word_1_153' title='bbox 1154 2278 1662 2368; x_wconf 73' lang='lat' dir='ltr'><strong>contin-batu3‚</strong></span> <span class='ocrx_word' id='word_1_154' title='bbox 1707 2272 1859 2351; x_wconf 82' lang='lat' dir='ltr'><strong>non</strong></span> <span class='ocrx_word' id='word_1_155' title='bbox 1913 2280 2082 2351; x_wconf 87' lang='lat' dir='ltr'><strong>satis</strong></span> <span class='ocrx_word' id='word_1_156' title='bbox 2137 2295 2382 2364; x_wconf 82' lang='lat' dir='ltr'><strong>acute,</strong></span> <span class='ocrx_word' id='word_1_157' title='bbox 2447 2304 2612 2378; x_wconf 79' lang='lat' dir='ltr'><strong>quae</strong></span> 
     </span>
     <span class='ocr_line' id='line_1_20' title="bbox 476 2388 2612 2487; baseline 0 -25"><span class='ocrx_word' id='word_1_158' title='bbox 476 2405 647 2462; x_wconf 88' lang='lat' dir='ltr'><strong>sunt</strong></span> <span class='ocrx_word' id='word_1_159' title='bbox 678 2388 1151 2475; x_wconf 87' lang='lat' dir='ltr'><strong>secernenda,</strong></span> <span class='ocrx_word' id='word_1_160' title='bbox 1188 2389 1590 2486; x_wconf 86' lang='lat' dir='ltr'><strong>distinguit.</strong></span> <span class='ocrx_word' id='word_1_161' title='bbox 1641 2395 1841 2487; x_wconf 84' lang='lat' dir='ltr'><strong>Saepe</strong></span> <span class='ocrx_word' id='word_1_162' title='bbox 1883 2392 2094 2462; x_wconf 87' lang='lat' dir='ltr'><strong>etiam</strong></span> <span class='ocrx_word' id='word_1_163' title='bbox 2141 2389 2500 2462; x_wconf 88' lang='lat' dir='ltr'><strong>definiunt</strong></span> <span class='ocrx_word' id='word_1_164' title='bbox 2535 2407 2612 2463; x_wconf 89' lang='lat' dir='ltr'><strong>et</strong></span> 
     </span>
     <span class='ocr_line' id='line_1_21' title="bbox 476 2499 2610 2598; baseline 0 -26"><span class='ocrx_word' id='word_1_165' title='bbox 476 2515 800 2572; x_wconf 86' lang='lat' dir='ltr'><strong>oratores</strong></span> <span class='ocrx_word' id='word_1_166' title='bbox 842 2514 916 2570; x_wconf 88' lang='lat' dir='ltr'><strong>et</strong></span> <span class='ocrx_word' id='word_1_167' title='bbox 962 2514 1191 2598; x_wconf 83' lang='lat' dir='ltr'><strong>poetae</strong></span> <span class='ocrx_word' id='word_1_168' title='bbox 1234 2523 1362 2596; x_wconf 90' lang='lat' dir='ltr'><strong>per</strong></span> <span class='ocrx_word' id='word_1_169' title='bbox 1394 2501 1932 2573; x_wconf 80' lang='lat' dir='ltr'><strong>translationem</strong></span> <span class='ocrx_word' id='word_1_170' title='bbox 1979 2499 2180 2572; x_wconf 77' lang='lat' dir='ltr'><strong>verbi</strong></span> <span class='ocrx_word' id='word_1_171' title='bbox 2225 2525 2316 2572; x_wconf 84' lang='lat' dir='ltr'><strong>ex</strong></span> <span class='ocrx_word' id='word_1_172' title='bbox 2359 2501 2610 2572; x_wconf 87' lang='lat' dir='ltr'><strong>simili-</strong></span> 
     </span>
    </p>
   </div>
   <div class='ocr_carea' id='block_1_3' title="bbox 1579 2681 2606 3146">
    <p class='ocr_par' dir='ltr' id='par_1_4' title="bbox 1584 2681 2606 2825">
     <span class='ocr_line' id='line_1_22' title="bbox 1584 2681 2606 2748; baseline 0.002 -19"><span class='ocrx_word' id='word_1_173' title='bbox 1584 2681 1670 2730; x_wconf 82' lang='lat' dir='ltr'><strong>bet</strong></span> <span class='ocrx_word' id='word_1_174' title='bbox 1705 2681 1884 2748; x_wconf 73' lang='lat' dir='ltr'><strong>igitur.-</strong></span> <span class='ocrx_word' id='word_1_175' title='bbox 1937 2681 2090 2740; x_wconf 86' lang='lat' dir='ltr'><strong>bene,</strong></span> <span class='ocrx_word' id='word_1_176' title='bbox 2135 2693 2193 2730; x_wconf 86' lang='lat' dir='ltr'><strong>nt</strong></span> <span class='ocrx_word' id='word_1_177' title='bbox 2238 2683 2456 2746; x_wconf 84' lang='lat' dir='ltr'><strong>opinor:</strong></span> <span class='ocrx_word' id='word_1_178' title='bbox 2491 2698 2606 2731; x_wconf 73' lang='lat' dir='ltr'><strong>unm</strong></span> 
     </span>
     <span class='ocr_line' id='line_1_23' title="bbox 1584 2759 2581 2825; baseline 0.002 -17"><span class='ocrx_word' id='word_1_179' title='bbox 1584 2760 1768 2809; x_wconf 72' lang='lat' dir='ltr'><strong>unllam</strong></span> <span class='ocrx_word' id='word_1_180' title='bbox 1792 2759 1845 2807; x_wconf 86' lang='lat' dir='ltr'><strong>h.</strong></span> <span class='ocrx_word' id='word_1_181' title='bbox 1869 2760 1904 2808; x_wconf 86' lang='lat'><strong>1.</strong></span> <span class='ocrx_word' id='word_1_182' title='bbox 1925 2760 2026 2808; x_wconf 82' lang='lat' dir='ltr'><strong>vim</strong></span> <span class='ocrx_word' id='word_1_183' title='bbox 2047 2759 2225 2808; x_wconf 74' lang='lat' dir='ltr'><strong>habere</strong></span> <span class='ocrx_word' id='word_1_184' title='bbox 2248 2769 2427 2825; x_wconf 81' lang='lat' dir='ltr'><strong>potest.</strong></span> <span class='ocrx_word' id='word_1_185' title='bbox 2451 2761 2581 2810; x_wconf 66' lang='lat' dir='ltr'><strong>Eun.</strong></span> 
     </span>
    </p>

    <p class='ocr_par' dir='ltr' id='par_1_5' title="bbox 1579 2837 2606 3146">
     <span class='ocr_line' id='line_1_24' title="bbox 1656 2837 2598 2904; baseline 0.001 -17"><span class='ocrx_word' id='word_1_186' title='bbox 1656 2841 1704 2887; x_wconf 84' lang='lat'><strong>8.</strong></span> <span class='ocrx_word' id='word_1_187' title='bbox 1739 2841 1941 2888; x_wconf 79' lang='lat' dir='ltr'><strong>Formas</strong></span> <span class='ocrx_word' id='word_1_188' title='bbox 1987 2837 2076 2902; x_wconf 77' lang='lat' dir='ltr'><strong>qui</strong></span> <span class='ocrx_word' id='word_1_189' title='bbox 2105 2850 2254 2904; x_wconf 74' lang='lat' dir='ltr'><strong>peccat</strong></span> <span class='ocrx_word' id='word_1_190' title='bbox 2295 2839 2425 2888; x_wconf 72' lang='lat' dir='ltr'><strong>idem</strong></span> <span class='ocrx_word' id='word_1_191' title='bbox 2461 2857 2598 2900; x_wconf 86' lang='lat' dir='ltr'><strong>esse,</strong></span> 
     </span>
     <span class='ocr_line' id='line_1_25' title="bbox 1583 2917 2606 2984; baseline 0.002 -18"><span class='ocrx_word' id='word_1_192' title='bbox 1583 2917 1724 2982; x_wconf 74' lang='lat' dir='ltr'><strong>quod</strong></span> <span class='ocrx_word' id='word_1_193' title='bbox 1735 2929 1924 2983; x_wconf 75' lang='lat' dir='ltr'><strong>partes.</strong></span> <span class='ocrx_word' id='word_1_194' title='bbox 1943 2921 2128 2968; x_wconf 79' lang='lat' dir='ltr'><strong>Fomae</strong></span> <span class='ocrx_word' id='word_1_195' title='bbox 2143 2919 2204 2966; x_wconf 75' lang='lat' dir='ltr'><strong>nd</strong></span> <span class='ocrx_word' id='word_1_196' title='bbox 2219 2933 2405 2984; x_wconf 63' lang='lat' dir='ltr'><strong>genus,</strong></span> <span class='ocrx_word' id='word_1_197' title='bbox 2429 2931 2606 2983; x_wconf 69' lang='lat' dir='ltr'><strong>panes</strong></span> 
     </span>
     <span class='ocr_line' id='line_1_26' title="bbox 1582 2997 2605 3061; baseline 0.003 -17"><span class='ocrx_word' id='word_1_198' title='bbox 1582 2997 1644 3044; x_wconf 76' lang='lat' dir='ltr'><strong>ud</strong></span> <span class='ocrx_word' id='word_1_199' title='bbox 1679 3007 1830 3045; x_wconf 71' lang='lat' dir='ltr'><strong>eonem</strong></span> <span class='ocrx_word' id='word_1_200' title='bbox 1865 2999 2154 3046; x_wconf 68' lang='lat' dir='ltr'><strong>referuntur.</strong></span> <span class='ocrx_word' id='word_1_201' title='bbox 2191 2999 2329 3046; x_wconf 86' lang='lat' dir='ltr'><strong>Inter</strong></span> <span class='ocrx_word' id='word_1_202' title='bbox 2365 3013 2516 3061; x_wconf 74' lang='lat' dir='ltr'><strong>genus</strong></span> <span class='ocrx_word' id='word_1_203' title='bbox 2547 3009 2605 3048; x_wconf 85' lang='lat' dir='ltr'><strong>et</strong></span> 
     </span>
     <span class='ocr_line' id='line_1_27' title="bbox 1579 3077 2602 3146; baseline 0.003 -23"><span class='ocrx_word' id='word_1_204' title='bbox 1579 3085 1740 3146; x_wconf 74' lang='lat' dir='ltr'><strong>totum</strong></span> <span class='ocrx_word' id='word_1_205' title='bbox 1784 3077 1882 3127; x_wconf 81' lang='lat' dir='ltr'><strong>hoe</strong></span> <span class='ocrx_word' id='word_1_206' title='bbox 1915 3079 2136 3134; x_wconf 82' lang='lat' dir='ltr'><strong>interest,</strong></span> <span class='ocrx_word' id='word_1_207' title='bbox 2173 3077 2310 3142; x_wconf 86' lang='lat' dir='ltr'><strong>qnod</strong></span> <span class='ocrx_word' id='word_1_208' title='bbox 2349 3093 2499 3141; x_wconf 73' lang='lat' dir='ltr'><strong>genus</strong></span> <span class='ocrx_word' id='word_1_209' title='bbox 2535 3077 2602 3126; x_wconf 84' lang='lat' dir='ltr'><strong>de</strong></span> 
     </span>
    </p>
   </div>
   <div class='ocr_carea' id='block_1_4' title="bbox 461 2679 1499 3143">
    <p class='ocr_par' dir='ltr' id='par_1_6' title="bbox 461 2679 1499 2904">
     <span class='ocr_line' id='line_1_28' title="bbox 476 2679 1496 2746; baseline 0 -16"><span class='ocrx_word' id='word_1_210' title='bbox 476 2682 547 2730; x_wconf 80' lang='lat' dir='ltr'><strong>les</strong></span> <span class='ocrx_word' id='word_1_211' title='bbox 579 2681 685 2746; x_wconf 76' lang='lat' dir='ltr'><strong>eius</strong></span> <span class='ocrx_word' id='word_1_212' title='bbox 706 2697 868 2740; x_wconf 74' lang='lat' dir='ltr'><strong>sures,</strong></span> <span class='ocrx_word' id='word_1_213' title='bbox 898 2680 1162 2746; x_wconf 72' lang='lat' dir='ltr'><strong>specierum</strong></span> <span class='ocrx_word' id='word_1_214' title='bbox 1182 2693 1231 2730; x_wconf 83' lang='lat' dir='ltr'><strong>et</strong></span> <span class='ocrx_word' id='word_1_215' title='bbox 1257 2679 1496 2746; x_wconf 76' lang='lat' dir='ltr'><strong>speciebus</strong></span> 
     </span>
     <span class='ocr_line' id='line_1_29' title="bbox 473 2759 1499 2824; baseline -0.001 -16"><span class='ocrx_word' id='word_1_216' title='bbox 473 2761 644 2810; x_wconf 72' lang='lat' dir='ltr'><strong>andire</strong></span> <span class='ocrx_word' id='word_1_217' title='bbox 691 2775 793 2808; x_wconf 88' lang='lat' dir='ltr'><strong>non</strong></span> <span class='ocrx_word' id='word_1_218' title='bbox 841 2770 1083 2822; x_wconf 79' lang='lat' dir='ltr'><strong>possunt,</strong></span> <span class='ocrx_word' id='word_1_219' title='bbox 1122 2759 1407 2824; x_wconf 66' lang='lat' dir='ltr'><strong>formarum</strong></span> <span class='ocrx_word' id='word_1_220' title='bbox 1447 2770 1499 2809; x_wconf 84' lang='lat' dir='ltr'><strong>et</strong></span> 
     </span>
     <span class='ocr_line' id='line_1_30' title="bbox 461 2837 1052 2904; baseline 0 -18"><span class='ocrx_word' id='word_1_221' title='bbox 461 2837 645 2904; x_wconf 69' lang='lat' dir='ltr'><strong>fomis</strong></span> <span class='ocrx_word' id='word_1_222' title='bbox 669 2855 772 2888; x_wconf 87' lang='lat' dir='ltr'><strong>non</strong></span> <span class='ocrx_word' id='word_1_223' title='bbox 799 2849 1052 2903; x_wconf 84' lang='lat' dir='ltr'><strong>respuunt.</strong></span> 
     </span>
    </p>

    <p class='ocr_par' dir='ltr' id='par_1_7' title="bbox 468 2916 1496 3143">
     <span class='ocr_line' id='line_1_31' title="bbox 544 2916 1496 2983; baseline 0 -17"><span class='ocrx_word' id='word_1_224' title='bbox 544 2919 595 2967; x_wconf 81' lang='lat'><strong>3.</strong></span> <span class='ocrx_word' id='word_1_225' title='bbox 629 2919 787 2980; x_wconf 78' lang='lat' dir='ltr'><strong>Quam</strong></span> <span class='ocrx_word' id='word_1_226' title='bbox 818 2916 993 2966; x_wconf 73' lang='lat' dir='ltr'><strong>Groeei.</strong></span> <span class='ocrx_word' id='word_1_227' title='bbox 1024 2919 1103 2966; x_wconf 85' lang='lat' dir='ltr'><strong>Sic</strong></span> <span class='ocrx_word' id='word_1_228' title='bbox 1132 2917 1371 2966; x_wconf 73' lang='lat' dir='ltr'><strong>edidimus</strong></span> <span class='ocrx_word' id='word_1_229' title='bbox 1405 2933 1496 2983; x_wconf 89' lang='lat' dir='ltr'><strong>pro</strong></span> 
     </span>
     <span class='ocr_line' id='line_1_32' title="bbox 472 2997 1494 3060; baseline 0.003 -17"><span class='ocrx_word' id='word_1_230' title='bbox 472 2997 637 3060; x_wconf 76' lang='lat' dir='ltr'><strong>quod,</strong></span> <span class='ocrx_word' id='word_1_231' title='bbox 682 3013 710 3045; x_wconf 86' lang='lat' dir='ltr'><strong>e</strong></span> <span class='ocrx_word' id='word_1_232' title='bbox 750 2997 963 3060; x_wconf 73' lang='lat' dir='ltr'><strong>legitima</strong></span> <span class='ocrx_word' id='word_1_233' title='bbox 1008 2998 1214 3048; x_wconf 74' lang='lat' dir='ltr'><strong>ratione.</strong></span> <span class='ocrx_word' id='word_1_234' title='bbox 1258 2997 1387 3046; x_wconf 84' lang='lat' dir='ltr'><strong>Vide</strong></span> <span class='ocrx_word' id='word_1_235' title='bbox 1429 2997 1494 3046; x_wconf 78' lang='lat' dir='ltr'><strong>ud</strong></span> 
     </span>
     <span class='ocr_line' id='line_1_33' title="bbox 468 3075 1305 3143; baseline 0.007 -21"><span class='ocrx_word' id='word_1_236' title='bbox 468 3075 609 3124; x_wconf 71' lang='lat' dir='ltr'><strong>Oret.</strong></span> <span class='ocrx_word' id='word_1_237' title='bbox 627 3075 705 3134; x_wconf 83' lang='lat'><strong>11,</strong></span> <span class='ocrx_word' id='word_1_238' title='bbox 727 3085 775 3124; x_wconf 90' lang='lat' dir='ltr'><strong>et</strong></span> <span class='ocrx_word' id='word_1_239' title='bbox 792 3076 917 3124; x_wconf 74' lang='lat' dir='ltr'><strong>infra</strong></span> <span class='ocrx_word' id='word_1_240' title='bbox 936 3095 1048 3143; x_wconf 75' lang='lat' dir='ltr'><strong>cap.</strong></span> <span class='ocrx_word' id='word_1_241' title='bbox 1067 3093 1153 3125; x_wconf 73' lang='grc' dir='ltr'><strong>τη.</strong></span> <span class='ocrx_word' id='word_1_242' title='bbox 1177 3077 1305 3128; x_wconf 71' lang='lat' dir='ltr'><strong>Eu.</strong></span> 
     </span>
    </p>
   </div>
   <div class='ocr_carea' id='block_1_5' title="bbox 456 3151 1491 4085">
    <p class='ocr_par' dir='ltr' id='par_1_8' title="bbox 464 3151 1491 3614">
     <span class='ocr_line' id='line_1_34' title="bbox 542 3151 1491 3221; baseline -0.003 -16"><span class='ocrx_word' id='word_1_243' title='bbox 542 3163 591 3211; x_wconf 72' lang='grc'><strong>4.</strong></span> <span class='ocrx_word' id='word_1_244' title='bbox 630 3151 761 3204; x_wconf 81' lang='lat' dir='ltr'><strong>Ante</strong></span> <span class='ocrx_word' id='word_1_245' title='bbox 794 3169 1044 3221; x_wconf 75' lang='lat' dir='ltr'><strong>percepta.</strong></span> <span class='ocrx_word' id='word_1_246' title='bbox 1095 3157 1186 3204; x_wconf 80' lang='lat' dir='ltr'><strong>Ms</strong></span> <span class='ocrx_word' id='word_1_247' title='bbox 1214 3165 1491 3219; x_wconf 68' lang='lat' dir='ltr'><strong>praecepta.-</strong></span> 
     </span>
     <span class='ocr_line' id='line_1_35' title="bbox 468 3233 1489 3298; baseline -0.001 -17"><span class='ocrx_word' id='word_1_248' title='bbox 468 3233 605 3298; x_wconf 83' lang='lat' dir='ltr'><strong>quod</strong></span> <span class='ocrx_word' id='word_1_249' title='bbox 631 3245 703 3282; x_wconf 87' lang='lat' dir='ltr'><strong>est</strong></span> <span class='ocrx_word' id='word_1_250' title='bbox 726 3233 941 3282; x_wconf 82' lang='lat' dir='ltr'><strong>solemne</strong></span> <span class='ocrx_word' id='word_1_251' title='bbox 960 3235 1211 3284; x_wconf 82' lang='lat' dir='ltr'><strong>Ciceronis</strong></span> <span class='ocrx_word' id='word_1_252' title='bbox 1238 3235 1289 3280; x_wconf 80' lang='lat' dir='ltr'><strong>in</strong></span> <span class='ocrx_word' id='word_1_253' title='bbox 1318 3233 1409 3281; x_wconf 76' lang='lat' dir='ltr'><strong>hue</strong></span> <span class='ocrx_word' id='word_1_254' title='bbox 1436 3249 1489 3281; x_wconf 85' lang='lat' dir='ltr'><strong>re</strong></span> 
     </span>
     <span class='ocr_line' id='line_1_36' title="bbox 469 3311 1484 3378; baseline 0.002 -18"><span class='ocrx_word' id='word_1_255' title='bbox 469 3312 692 3371; x_wconf 82' lang='lat' dir='ltr'><strong>verbum,</strong></span> <span class='ocrx_word' id='word_1_256' title='bbox 716 3329 812 3377; x_wconf 80' lang='lat' dir='ltr'><strong>pro</strong></span> <span class='ocrx_word' id='word_1_257' title='bbox 840 3331 942 3378; x_wconf 84' lang='lat' dir='ltr'><strong>quo</strong></span> <span class='ocrx_word' id='word_1_258' title='bbox 964 3326 1014 3363; x_wconf 87' lang='lat' dir='ltr'><strong>et</strong></span> <span class='ocrx_word' id='word_1_259' title='bbox 1040 3323 1159 3362; x_wconf 75' lang='lat' dir='ltr'><strong>ante</strong></span> <span class='ocrx_word' id='word_1_260' title='bbox 1174 3323 1325 3376; x_wconf 75' lang='lat' dir='ltr'><strong>capta</strong></span> <span class='ocrx_word' id='word_1_261' title='bbox 1343 3311 1484 3362; x_wconf 86' lang='lat' dir='ltr'><strong>dicit.</strong></span> 
     </span>
     <span class='ocr_line' id='line_1_37' title="bbox 468 3391 1491 3457; baseline -0.001 -18"><span class='ocrx_word' id='word_1_262' title='bbox 468 3395 613 3440; x_wconf 78' lang='lat' dir='ltr'><strong>Forte</strong></span> <span class='ocrx_word' id='word_1_263' title='bbox 638 3403 757 3439; x_wconf 80' lang='lat' dir='ltr'><strong>ame</strong></span> <span class='ocrx_word' id='word_1_264' title='bbox 776 3404 1009 3457; x_wconf 77' lang='lat' dir='ltr'><strong>percepta</strong></span> <span class='ocrx_word' id='word_1_265' title='bbox 1032 3403 1103 3441; x_wconf 81' lang='lat' dir='ltr'><strong>est</strong></span> <span class='ocrx_word' id='word_1_266' title='bbox 1132 3409 1158 3440; x_wconf 89' lang='lat' dir='ltr'><strong>e</strong></span> <span class='ocrx_word' id='word_1_267' title='bbox 1186 3391 1343 3455; x_wconf 75' lang='lat' dir='ltr'><strong>glossa</strong></span> <span class='ocrx_word' id='word_1_268' title='bbox 1372 3391 1491 3439; x_wconf 83' lang='lat' dir='ltr'><strong>alte·</strong></span> 
     </span>
     <span class='ocr_line' id='line_1_38' title="bbox 464 3470 1490 3539; baseline 0 -20"><span class='ocrx_word' id='word_1_269' title='bbox 464 3470 859 3537; x_wconf 78' lang='lat' dir='ltr'><strong>rinsproecepca:</strong></span> <span class='ocrx_word' id='word_1_270' title='bbox 888 3483 972 3519; x_wconf 75' lang='lat' dir='ltr'><strong>unt</strong></span> <span class='ocrx_word' id='word_1_271' title='bbox 1002 3482 1121 3519; x_wconf 73' lang='lat' dir='ltr'><strong>aute</strong></span> <span class='ocrx_word' id='word_1_272' title='bbox 1142 3470 1363 3518; x_wconf 74' lang='lat' dir='ltr'><strong>additum</strong></span> <span class='ocrx_word' id='word_1_273' title='bbox 1392 3481 1490 3539; x_wconf 82' lang='lat' dir='ltr'><strong>est,</strong></span> 
     </span>
     <span class='ocr_line' id='line_1_39' title="bbox 465 3549 1487 3614; baseline -0.001 -16"><span class='ocrx_word' id='word_1_274' title='bbox 465 3550 578 3613; x_wconf 75' lang='lat' dir='ltr'><strong>quin</strong></span> <span class='ocrx_word' id='word_1_275' title='bbox 620 3549 792 3598; x_wconf 78' lang='lat' dir='ltr'><strong>vitiose</strong></span> <span class='ocrx_word' id='word_1_276' title='bbox 835 3551 1069 3614; x_wconf 84' lang='lat' dir='ltr'><strong>seriptum</strong></span> <span class='ocrx_word' id='word_1_277' title='bbox 1108 3560 1211 3598; x_wconf 81' lang='lat' dir='ltr'><strong>erat</strong></span> <span class='ocrx_word' id='word_1_278' title='bbox 1240 3561 1487 3614; x_wconf 76' lang='lat' dir='ltr'><strong>percepta.</strong></span> 
     </span>
    </p>

    <p class='ocr_par' dir='ltr' id='par_1_9' title="bbox 459 3626 1488 3852">
     <span class='ocr_line' id='line_1_40' title="bbox 538 3626 1487 3693; baseline 0 -15"><span class='ocrx_word' id='word_1_279' title='bbox 538 3633 585 3679; x_wconf 80' lang='lat'><strong>5.</strong></span> <span class='ocrx_word' id='word_1_280' title='bbox 634 3626 874 3693; x_wconf 72' lang='lat' dir='ltr'><strong>Gaiusque</strong></span> <span class='ocrx_word' id='word_1_281' title='bbox 910 3629 1116 3693; x_wconf 78' lang='lat' dir='ltr'><strong>fomoe.</strong></span> <span class='ocrx_word' id='word_1_282' title='bbox 1169 3631 1355 3678; x_wconf 79' lang='lat' dir='ltr'><strong>Formoe</strong></span> <span class='ocrx_word' id='word_1_283' title='bbox 1404 3628 1487 3678; x_wconf 83' lang='lat' dir='ltr'><strong>hie</strong></span> 
     </span>
     <span class='ocr_line' id='line_1_41' title="bbox 460 3707 1488 3773; baseline 0.001 -17"><span class='ocrx_word' id='word_1_284' title='bbox 460 3709 680 3773; x_wconf 79' lang='lat' dir='ltr'><strong>ineptum</strong></span> <span class='ocrx_word' id='word_1_285' title='bbox 704 3723 810 3756; x_wconf 78' lang='lat' dir='ltr'><strong>esse</strong></span> <span class='ocrx_word' id='word_1_286' title='bbox 833 3718 883 3755; x_wconf 88' lang='lat' dir='ltr'><strong>et</strong></span> <span class='ocrx_word' id='word_1_287' title='bbox 907 3707 1119 3756; x_wconf 75' lang='lat' dir='ltr'><strong>alienum</strong></span> <span class='ocrx_word' id='word_1_288' title='bbox 1140 3707 1395 3758; x_wconf 74' lang='lat' dir='ltr'><strong>Schhtsius</strong></span> <span class='ocrx_word' id='word_1_289' title='bbox 1416 3708 1488 3757; x_wconf 86' lang='lat' dir='ltr'><strong>di-</strong></span> 
     </span>
     <span class='ocr_line' id='line_1_42' title="bbox 459 3785 1296 3852; baseline 0.004 -18"><span class='ocrx_word' id='word_1_290' title='bbox 459 3789 529 3836; x_wconf 79' lang='lat' dir='ltr'><strong>cit</strong></span> <span class='ocrx_word' id='word_1_291' title='bbox 544 3825 560 3850; x_wconf 88' lang='lat'><strong>,</strong></span> <span class='ocrx_word' id='word_1_292' title='bbox 582 3785 853 3850; x_wconf 70' lang='lat' dir='ltr'><strong>scribitque</strong></span> <span class='ocrx_word' id='word_1_293' title='bbox 872 3809 899 3828; x_wconf 77' lang='grc' dir='ltr'><strong>ιι</strong></span> <span class='ocrx_word' id='word_1_294' title='bbox 912 3787 1149 3852; x_wconf 78' lang='lat' dir='ltr'><strong>cujusque</strong></span> <span class='ocrx_word' id='word_1_295' title='bbox 1168 3788 1237 3834; x_wconf 84' lang='lat' dir='ltr'><strong>rei</strong></span> <span class='ocrx_word' id='word_1_296' title='bbox 1253 3809 1296 3837; x_wconf 76' lang='grc' dir='ltr'><strong>ιι.</strong></span> 
     </span>
    </p>

    <p class='ocr_par' dir='ltr' id='par_1_10' title="bbox 456 3864 1483 4006">
     <span class='ocr_line' id='line_1_43' title="bbox 528 3864 1483 3930; baseline 0.003 -18"><span class='ocrx_word' id='word_1_297' title='bbox 528 3867 578 3913; x_wconf 80' lang='grc'><strong>6.</strong></span> <span class='ocrx_word' id='word_1_298' title='bbox 606 3864 933 3913; x_wconf 75' lang='lat' dir='ltr'><strong>Enodaeiom‘s</strong></span> <span class='ocrx_word' id='word_1_299' title='bbox 964 3865 1211 3930; x_wconf 68' lang='lat' dir='ltr'><strong>indigens.</strong></span> <span class='ocrx_word' id='word_1_300' title='bbox 1250 3869 1347 3915; x_wconf 88' lang='lat' dir='ltr'><strong>Int.</strong></span> <span class='ocrx_word' id='word_1_301' title='bbox 1373 3882 1483 3930; x_wconf 68' lang='lat' dir='ltr'><strong>qun</strong></span> 
     </span>
     <span class='ocr_line' id='line_1_44' title="bbox 456 3939 1187 4006; baseline 0.004 -17"><span class='ocrx_word' id='word_1_302' title='bbox 456 3939 543 3992; x_wconf 67' lang='lat' dir='ltr'><strong>flat</strong></span> <span class='ocrx_word' id='word_1_303' title='bbox 570 3957 657 4006; x_wconf 82' lang='lat' dir='ltr'><strong>per</strong></span> <span class='ocrx_word' id='word_1_304' title='bbox 682 3941 1031 3994; x_wconf 78' lang='lat' dir='ltr'><strong>definitionem.</strong></span> <span class='ocrx_word' id='word_1_305' title='bbox 1060 3946 1187 3993; x_wconf 67' lang='lat' dir='ltr'><strong>Eun.</strong></span> 
     </span>
    </p>

    <p class='ocr_par' dir='ltr' id='par_1_11' title="bbox 532 4021 1477 4085">
     <span class='ocr_line' id='line_1_45' title="bbox 532 4021 1477 4085; baseline 0.001 -16"><span class='ocrx_word' id='word_1_306' title='bbox 532 4037 580 4079; x_wconf 87' lang='lat'><strong>7.</strong></span> <span class='ocrx_word' id='word_1_307' title='bbox 605 4023 793 4068; x_wconf 75' lang='lat' dir='ltr'><strong>Fomoe</strong></span> <span class='ocrx_word' id='word_1_308' title='bbox 816 4022 966 4085; x_wconf 58' lang='lat' dir='ltr'><strong>igitur</strong></span> <span class='ocrx_word' id='word_1_309' title='bbox 988 4031 1117 4070; x_wconf 73' lang='lat' dir='ltr'><strong>sune.</strong></span> <span class='ocrx_word' id='word_1_310' title='bbox 1144 4021 1237 4070; x_wconf 69' lang='lat' dir='ltr'><strong>HS</strong></span> <span class='ocrx_word' id='word_1_311' title='bbox 1264 4035 1367 4070; x_wconf 77' lang='lat' dir='ltr'><strong>non</strong></span> <span class='ocrx_word' id='word_1_312' title='bbox 1386 4021 1477 4070; x_wconf 75' lang='lat' dir='ltr'><strong>hs-</strong></span> 
     </span>
    </p>
   </div>
   <div class='ocr_carea' id='block_1_6' title="bbox 1569 3155 2602 4088">
    <p class='ocr_par' dir='ltr' id='par_1_12' title="bbox 1569 3155 2602 4088">
     <span class='ocr_line' id='line_1_46' title="bbox 1579 3155 2600 3219; baseline -0.001 -16"><span class='ocrx_word' id='word_1_313' title='bbox 1579 3157 1678 3204; x_wconf 82' lang='lat' dir='ltr'><strong>suis</strong></span> <span class='ocrx_word' id='word_1_314' title='bbox 1709 3156 1876 3204; x_wconf 78' lang='lat' dir='ltr'><strong>formis</strong></span> <span class='ocrx_word' id='word_1_315' title='bbox 1903 3155 2184 3219; x_wconf 73' lang='lat' dir='ltr'><strong>affirmatur,</strong></span> <span class='ocrx_word' id='word_1_316' title='bbox 2215 3167 2372 3204; x_wconf 83' lang='lat' dir='ltr'><strong>totum</strong></span> <span class='ocrx_word' id='word_1_317' title='bbox 2399 3155 2460 3203; x_wconf 83' lang='lat' dir='ltr'><strong>de</strong></span> <span class='ocrx_word' id='word_1_318' title='bbox 2481 3171 2600 3219; x_wconf 75' lang='lat' dir='ltr'><strong>per-</strong></span> 
     </span>
     <span class='ocr_line' id='line_1_47' title="bbox 1579 3233 2602 3300; baseline 0.002 -18"><span class='ocrx_word' id='word_1_319' title='bbox 1579 3233 1710 3282; x_wconf 76' lang='lat' dir='ltr'><strong>tibus</strong></span> <span class='ocrx_word' id='word_1_320' title='bbox 1739 3250 2031 3299; x_wconf 75' lang='lat' dir='ltr'><strong>numquam:</strong></span> <span class='ocrx_word' id='word_1_321' title='bbox 2057 3250 2208 3300; x_wconf 79' lang='lat' dir='ltr'><strong>genus</strong></span> <span class='ocrx_word' id='word_1_322' title='bbox 2227 3251 2290 3284; x_wconf 84' lang='lat' dir='ltr'><strong>ex</strong></span> <span class='ocrx_word' id='word_1_323' title='bbox 2308 3236 2410 3283; x_wconf 83' lang='lat' dir='ltr'><strong>suis</strong></span> <span class='ocrx_word' id='word_1_324' title='bbox 2429 3235 2602 3284; x_wconf 76' lang='lat' dir='ltr'><strong>formis</strong></span> 
     </span>
     <span class='ocr_line' id='line_1_48' title="bbox 1577 3313 2600 3376; baseline 0.003 -17"><span class='ocrx_word' id='word_1_325' title='bbox 1577 3327 1679 3359; x_wconf 88' lang='lat' dir='ltr'><strong>non</strong></span> <span class='ocrx_word' id='word_1_326' title='bbox 1704 3323 1925 3372; x_wconf 73' lang='lat' dir='ltr'><strong>constat,</strong></span> <span class='ocrx_word' id='word_1_327' title='bbox 1963 3324 2122 3361; x_wconf 84' lang='lat' dir='ltr'><strong>totum</strong></span> <span class='ocrx_word' id='word_1_328' title='bbox 2157 3329 2219 3361; x_wconf 86' lang='lat' dir='ltr'><strong>ex</strong></span> <span class='ocrx_word' id='word_1_329' title='bbox 2254 3313 2354 3361; x_wconf 83' lang='lat' dir='ltr'><strong>suis</strong></span> <span class='ocrx_word' id='word_1_330' title='bbox 2376 3313 2600 3376; x_wconf 73' lang='lat' dir='ltr'><strong>partibu-</strong></span> 
     </span>
     <span class='ocr_line' id='line_1_49' title="bbox 1579 3390 2596 3455; baseline 0.001 -17"><span class='ocrx_word' id='word_1_331' title='bbox 1579 3390 1896 3438; x_wconf 77' lang='lat' dir='ltr'><strong>constituitur</strong></span> <span class='ocrx_word' id='word_1_332' title='bbox 1921 3406 1934 3440; x_wconf 91' lang='lat'><strong>:</strong></span> <span class='ocrx_word' id='word_1_333' title='bbox 1969 3405 2120 3454; x_wconf 76' lang='lat' dir='ltr'><strong>genus</strong></span> <span class='ocrx_word' id='word_1_334' title='bbox 2149 3391 2319 3440; x_wconf 82' lang='lat' dir='ltr'><strong>formis</strong></span> <span class='ocrx_word' id='word_1_335' title='bbox 2341 3392 2480 3455; x_wconf 82' lang='lat' dir='ltr'><strong>prius</strong></span> <span class='ocrx_word' id='word_1_336' title='bbox 2504 3408 2596 3439; x_wconf 76' lang='lat' dir='ltr'><strong>ua·</strong></span> 
     </span>
     <span class='ocr_line' id='line_1_50' title="bbox 1579 3469 2600 3534; baseline 0.003 -17"><span class='ocrx_word' id='word_1_337' title='bbox 1579 3479 1686 3517; x_wconf 74' lang='lat' dir='ltr'><strong>ture</strong></span> <span class='ocrx_word' id='word_1_338' title='bbox 1711 3481 1784 3518; x_wconf 84' lang='lat' dir='ltr'><strong>est</strong></span> <span class='ocrx_word' id='word_1_339' title='bbox 1803 3503 1819 3530; x_wconf 90' lang='lat'><strong>,</strong></span> <span class='ocrx_word' id='word_1_340' title='bbox 1859 3480 2014 3518; x_wconf 83' lang='lat' dir='ltr'><strong>totum</strong></span> <span class='ocrx_word' id='word_1_341' title='bbox 2047 3469 2266 3534; x_wconf 73' lang='lat' dir='ltr'><strong>partibus</strong></span> <span class='ocrx_word' id='word_1_342' title='bbox 2295 3481 2346 3520; x_wconf 89' lang='lat' dir='ltr'><strong>et</strong></span> <span class='ocrx_word' id='word_1_343' title='bbox 2379 3481 2600 3534; x_wconf 79' lang='lat' dir='ltr'><strong>tempore</strong></span> 
     </span>
     <span class='ocr_line' id='line_1_51' title="bbox 1577 3549 2598 3612; baseline 0.002 -17"><span class='ocrx_word' id='word_1_344' title='bbox 1577 3559 1630 3595; x_wconf 82' lang='lat' dir='ltr'><strong>et</strong></span> <span class='ocrx_word' id='word_1_345' title='bbox 1672 3559 1838 3596; x_wconf 72' lang='lat' dir='ltr'><strong>nutura</strong></span> <span class='ocrx_word' id='word_1_346' title='bbox 1885 3551 2128 3612; x_wconf 80' lang='lat' dir='ltr'><strong>posterius</strong></span> <span class='ocrx_word' id='word_1_347' title='bbox 2149 3565 2164 3596; x_wconf 66' lang='grc' dir='ltr'><strong><em>τ</em></strong></span> <span class='ocrx_word' id='word_1_348' title='bbox 2203 3549 2389 3612; x_wconf 79' lang='lat' dir='ltr'><strong>generis</strong></span> <span class='ocrx_word' id='word_1_349' title='bbox 2424 3561 2598 3598; x_wconf 68' lang='lat' dir='ltr'><strong>nature</strong></span> 
     </span>
     <span class='ocr_line' id='line_1_52' title="bbox 1575 3627 2596 3695; baseline 0.003 -21"><span class='ocrx_word' id='word_1_350' title='bbox 1575 3627 1798 3695; x_wconf 57' lang='lat' dir='ltr'><strong>universe</strong></span> <span class='ocrx_word' id='word_1_351' title='bbox 1817 3631 1868 3674; x_wconf 90' lang='lat' dir='ltr'><strong>in</strong></span> <span class='ocrx_word' id='word_1_352' title='bbox 1887 3643 2180 3691; x_wconf 74' lang='lat' dir='ltr'><strong>unaquaque</strong></span> <span class='ocrx_word' id='word_1_353' title='bbox 2201 3631 2355 3676; x_wconf 74' lang='lat' dir='ltr'><strong>forma</strong></span> <span class='ocrx_word' id='word_1_354' title='bbox 2381 3627 2596 3677; x_wconf 74' lang='lat' dir='ltr'><strong>includi·</strong></span> 
     </span>
     <span class='ocr_line' id='line_1_53' title="bbox 1577 3707 2600 3764; baseline 0.004 -10"><span class='ocrx_word' id='word_1_355' title='bbox 1577 3717 1672 3764; x_wconf 83' lang='lat' dir='ltr'><strong>tur,</strong></span> <span class='ocrx_word' id='word_1_356' title='bbox 1707 3719 1878 3755; x_wconf 76' lang='lat' dir='ltr'><strong>ustum</strong></span> <span class='ocrx_word' id='word_1_357' title='bbox 1923 3709 2075 3755; x_wconf 84' lang='lat' dir='ltr'><strong>totius</strong></span> <span class='ocrx_word' id='word_1_358' title='bbox 2111 3709 2331 3756; x_wconf 74' lang='lat' dir='ltr'><strong>universa</strong></span> <span class='ocrx_word' id='word_1_359' title='bbox 2367 3707 2420 3754; x_wconf 86' lang='lat' dir='ltr'><strong>in</strong></span> <span class='ocrx_word' id='word_1_360' title='bbox 2460 3709 2600 3758; x_wconf 68' lang='lat' dir='ltr'><strong>nuu-</strong></span> 
     </span>
     <span class='ocr_line' id='line_1_54' title="bbox 1571 3785 2596 3852; baseline 0.005 -19"><span class='ocrx_word' id='word_1_361' title='bbox 1571 3799 1764 3834; x_wconf 74' lang='lat' dir='ltr'><strong>suarnm</strong></span> <span class='ocrx_word' id='word_1_362' title='bbox 1785 3785 1996 3850; x_wconf 72' lang='lat' dir='ltr'><strong>partium</strong></span> <span class='ocrx_word' id='word_1_363' title='bbox 2021 3787 2164 3835; x_wconf 84' lang='lat' dir='ltr'><strong>inest.</strong></span> <span class='ocrx_word' id='word_1_364' title='bbox 2183 3789 2312 3837; x_wconf 71' lang='grc' dir='ltr'><strong>θον.</strong></span> <span class='ocrx_word' id='word_1_365' title='bbox 2331 3788 2596 3852; x_wconf 80' lang='lat' dir='ltr'><strong>—Aqm‘l-</strong></span> 
     </span>
     <span class='ocr_line' id='line_1_55' title="bbox 1571 3863 2594 3932; baseline 0.005 -22"><span class='ocrx_word' id='word_1_366' title='bbox 1571 3863 1690 3921; x_wconf 70' lang='lat' dir='ltr'><strong>Iius,</strong></span> <span class='ocrx_word' id='word_1_367' title='bbox 1714 3865 1964 3913; x_wconf 76' lang='lat' dir='ltr'><strong>Ciceronis</strong></span> <span class='ocrx_word' id='word_1_368' title='bbox 1989 3865 2044 3912; x_wconf 81' lang='lat' dir='ltr'><strong>in</strong></span> <span class='ocrx_word' id='word_1_369' title='bbox 2065 3875 2274 3930; x_wconf 75' lang='lat' dir='ltr'><strong>praetura</strong></span> <span class='ocrx_word' id='word_1_370' title='bbox 2298 3865 2364 3928; x_wconf 75' lang='lat' dir='ltr'><strong>(a.</strong></span> <span class='ocrx_word' id='word_1_371' title='bbox 2383 3867 2447 3915; x_wconf 86' lang='lat' dir='ltr'><strong>U.</strong></span> <span class='ocrx_word' id='word_1_372' title='bbox 2463 3867 2528 3914; x_wconf 78' lang='lat'><strong>68</strong></span> <span class='ocrx_word' id='word_1_373' title='bbox 2539 3865 2594 3932; x_wconf 77' lang='lat'><strong>7)</strong></span> 
     </span>
     <span class='ocr_line' id='line_1_56' title="bbox 1570 3942 2597 4010; baseline 0.002 -19"><span class='ocrx_word' id='word_1_374' title='bbox 1570 3942 1772 4009; x_wconf 69' lang='lat' dir='ltr'><strong>college,</strong></span> <span class='ocrx_word' id='word_1_375' title='bbox 1785 3944 1870 4007; x_wconf 82' lang='lat' dir='ltr'><strong>qni</strong></span> <span class='ocrx_word' id='word_1_376' title='bbox 1883 3944 2114 3992; x_wconf 68' lang='lat' dir='ltr'><strong>formulas</strong></span> <span class='ocrx_word' id='word_1_377' title='bbox 2123 3943 2286 4010; x_wconf 81' lang='lat' dir='ltr'><strong>plures</strong></span> <span class='ocrx_word' id='word_1_378' title='bbox 2297 3944 2526 4009; x_wconf 67' lang='lat' dir='ltr'><strong>pretulit,</strong></span> <span class='ocrx_word' id='word_1_379' title='bbox 2535 3957 2597 3993; x_wconf 83' lang='lat' dir='ltr'><strong>ut</strong></span> 
     </span>
     <span class='ocr_line' id='line_1_57' title="bbox 1569 4021 2596 4088; baseline 0.001 -19"><span class='ocrx_word' id='word_1_380' title='bbox 1569 4021 1632 4069; x_wconf 73' lang='lat' dir='ltr'><strong>de</strong></span> <span class='ocrx_word' id='word_1_381' title='bbox 1657 4023 1778 4073; x_wconf 77' lang='lat' dir='ltr'><strong>dolo</strong></span> <span class='ocrx_word' id='word_1_382' title='bbox 1805 4023 1968 4088; x_wconf 79' lang='lat' dir='ltr'><strong>melo,</strong></span> <span class='ocrx_word' id='word_1_383' title='bbox 1989 4024 2092 4072; x_wconf 72' lang='lat' dir='ltr'><strong>Off.</strong></span> <span class='ocrx_word' id='word_1_384' title='bbox 2111 4025 2212 4084; x_wconf 82' lang='lat'>111,</span> <span class='ocrx_word' id='word_1_385' title='bbox 2237 4033 2318 4080; x_wconf 61' lang='grc' dir='ltr'><strong>ις.</strong></span> <span class='ocrx_word' id='word_1_386' title='bbox 2337 4025 2418 4073; x_wconf 72' lang='lat' dir='ltr'><strong>Cf.</strong></span> <span class='ocrx_word' id='word_1_387' title='bbox 2437 4039 2486 4072; x_wconf 85' lang='lat' dir='ltr'><strong>e.</strong></span> <span class='ocrx_word' id='word_1_388' title='bbox 2508 4039 2596 4071; x_wconf 72' lang='grc' dir='ltr'><strong>η.</strong></span> 
     </span>
    </p>
   </div>
  </div>
 </body>
</html>
