2982 4682
546 330 693 457 523'
1227 390 1322 456 M.
1374 388 1450 456 T.
1505 364 1990 459 clcERoms
2081 392 2086 395 ·

538 512 657 605 jus
698 507 903 580 civile
934 506 1123 579 dicat
1154 507 1228 579 id
1264 532 1453 598 esse,
1496 508 1696 606 quod
1737 512 1809 579 in
1849 508 2163 607 legibus,
2201 530 2666 589 senatuscon-

545 622 784 707 sultis,
846 619 1065 691 rebus
1133 618 1506 715 judicatiS,
1557 620 2142 718 jurisperitorum
2209 628 2662 715 auctoritate,

544 730 795 803 edictis
831 735 1406 828 magistratuum,
1442 754 1680 819 more,
1711 734 2043 827 aequitate
2082 736 2459 807 consistat:
2496 736 2670 807 (livi-

541 844 829 911 sionum
875 856 1113 911 autem
1158 838 1485 912 definitio
1531 839 1796 911 formas
1839 866 2090 913 omnes
2133 845 2662 942 complectitur,

540 976 698 1047 quae
740 951 878 1022 sub
918 976 1008 1021 eo
1040 975 1304 1049 genere
1340 966 1544 1031 sunt,
1585 950 1784 1047 quod
1823 952 2186 1041 definitur,
2227 954 2365 1026 hoc
2403 956 2658 1029 modo:

538 1060 1026 1132 «Abalienatio
1048 1076 1155 1131 est
1184 1062 1336 1158 ejus
1356 1062 1489 1149 rei,
1508 1086 1668 1159 quae
1689 1066 1996 1160 mancipi
2026 1079 2130 1135 est
2147 1075 2202 1153 7,
2239 1081 2362 1136 aut
2380 1066 2664 1139 traditio

539 1172 744 1243 alteri
790 1194 977 1242 nexu
997 1168 1048 1258 ⁸,
1090 1186 1215 1242 aut
1264 1174 1337 1241 in
1386 1173 1550 1267 jure
1587 1174 1812 1244 cessio
1829 1184 1884 1260 9,
1925 1175 2112 1244 inter
2153 1200 2338 1271 quos
2386 1202 2468 1247 ea
2504 1178 2662 1271 jure

539 1283 728 1353 civili
763 1278 923 1353 fieri
961 1297 1266 1378 possunt
1288 1293 1349 1325 ¹0
1371 1311 1425 1351 ».

636 1398 755 1463 VI.
796 1392 951 1487 (v1.)
1016 1394 1198 1460 Sunt
1235 1406 1308 1461 et
1342 1390 1475 1461 alia
1515 1400 1776 1487 genera
1815 1386 2366 1483 definitionum3
2403 1395 2529 1467 sed
2572 1396 2661 1467 ad

534 1503 754 1598 hujus
785 1500 947 1572 libri
976 1502 1381 1571 institutum
1423 1500 1543 1570 illa
1576 1502 1754 1570 nihil
1794 1504 2202 1599 pertinent:
2241 1520 2524 1574 tantum
2556 1519 2663 1576 est

535 1611 921 1683 dicendum
946 1666 965 1697 ,
1022 1614 1149 1708 qui
1187 1613 1279 1682 sit
1312 1609 1754 1682 definitionis
1799 1612 2075 1684 modus.
2119 1616 2234 1684 Sic
2276 1616 2496 1710 igitur
2539 1639 2662 1685 ve-

532 1738 720 1795 teres
761 1724 1187 1820 praecipiunt
1228 1748 1245 1790 t
1287 1746 1520 1819 quum
1559 1726 1947 1818 sumpseris
1991 1748 2105 1812 ea,
2149 1748 2309 1821 quae
2359 1727 2506 1796 sint
2531 1736 2552 1769 ¹
2596 1726 2660 1795 ei

530 1837 667 1920 rei,
714 1858 933 1929 quam
971 1832 1271 1903 definire
1300 1832 1511 1920 veliS‚
1554 1858 1718 1903 cum
1754 1832 1904 1903 aliis
1937 1836 2386 1921 communia,
2435 1860 2662 1932 usque

532 1970 620 2016 eo
659 1944 1032 2041 persequi,
1066 1942 1243 2013 dum
1296 1944 1674 2039 proprium
1721 1940 2095 2028 efficiatur,
2145 1942 2346 2039 quod
2389 1943 2662 2015 nullam

527 2057 601 2124 in
644 2053 848 2122 aliam
884 2076 1037 2121 rem
1076 2048 1443 2122 transferri
1478 2054 1722 2148 possit.
1757 2056 1853 2121 Ut
1885 2051 2064 2139 hoc,
2091 2082 2124 2117 ec
2157 2052 2530 2125 Hereditas
2557 2069 2664 2125 est

525 2166 830 2261 pecunia
856 2193 909 2231 ».
938 2168 1340 2233 Commune
1374 2160 1611 2232 adhuc
1642 2190 1659 2232 ε
1698 2162 1924 2232 multa
1961 2165 2152 2231 enim
2191 2188 2452 2260 genera
2490 2180 2662 2235 sunt

525 2273 869 2372 pecuniae.
908 2270 1108 2341 Adde
1147 2270 1351 2368 quod
1388 2276 1718 2370 sequitur
1751 2299 1766 2340 :
1814 2302 1847 2337 α
1883 2296 2045 2370 quae
2089 2288 2325 2345 morte
2361 2275 2662 2371 alicujus

528 2481 773 2528 notionem
803 2495 946 2526 voco.
966 2476 1165 2525 Lnllcm.
1192 2499 1218 2520 α
1240 2478 1473 2540 impressa
1497 2476 1549 2523 in
1637 2477 1820 2540 cipium
1843 2476 2048 2540 accipit,
2070 2479 2206 2540 qnasi
2225 2480 2372 2543 pretii
2391 2479 2660 2530 loco.Gov.

528 2559 849 2622 intelllgentia
859 2593 873 2614 ‚
904 2569 995 2604 etc.
1016 2579 1041 2598 ι»

1709 2569 1757 2616 9.
1777 2557 1838 2601 In
1857 2555 1968 2617 jure
1994 2556 2160 2602 cessio.
2183 2558 2292 2603 Hoc
2314 2555 2462 2605 flebat
2483 2559 2660 2611 modo:

597 2657 645 2702 7.
689 2642 810 2701 Quoe
838 2635 1049 2698 mancipi
1077 2646 1165 2682 est.
1201 2636 1299 2683 Rea
1334 2634 1548 2697 mancipi
1634 2633 1787 2696 Apud
1806 2633 2136 2696 magistratum
2157 2634 2331 2698 populi
2353 2638 2560 2697 romani,
2583 2639 2659 2686 vel

524 2719 755 2768 dicuntur
768 2732 877 2778 qnae
896 2725 1010 2762 aunt
1028 2716 1080 2761 in
1096 2725 1263 2760 nostra
1284 2723 1540 2777 potestate,

1632 2711 1765 2775 apud
1808 2709 2068 2775 praetorem
2113 2713 2234 2777 (hoc
2275 2715 2406 2762 enim
2449 2725 2556 2774 est,
2605 2717 2660 2765 ἐκ

522 2815 641 2862 quas
668 2815 731 2845 ex
758 2807 927 2843 nostro
956 2795 1017 2842 ad
1045 2794 1245 2840 alterius
1271 2791 1545 2840 dominium
1619 2785 1759 2853 jure)
1775 2824 1789 2849 ,
1819 2788 1894 2837 vel
1919 2789 2174 2853 praesidem
2195 2792 2491 2857 provincia,
2519 2795 2559 2842 ia
2577 2795 2658 2842 cni

519 2877 774 2927 transferre
796 2889 1071 2938 possumus.
1090 2869 1310 2936 Mancipt'
1320 2881 1391 2918 est
1404 2870 1544 2918 inde-

520 2953 747 3004 clinabile
764 2953 815 2999 in
834 2951 1066 3014 singulari
1084 2961 1131 2998 et
1148 2949 1340 3014 plurali.
1360 2951 1542 2998 Panse.

588 3035 635 3081 8.
669 3033 836 3080 Nea-u.
860 3029 1054 3078 Nexum
1069 3065 1084 3088 ,
1106 3030 1182 3076 vel
1206 3045 1359 3076 nexus
1380 3029 1541 3091 (ntro-

520 3129 615 3177 qne
638 3111 767 3160 enim
789 3125 961 3173 genere
982 3107 1208 3170 dicitur),
1230 3107 1281 3154 id
1299 3119 1391 3165 est,
1408 3106 1545 3171 qnod

518 3205 607 3254 per
634 3189 805 3236 libram
840 3197 887 3233 ct
924 3201 988 3233 aes
1027 3185 1290 3250 agebatur,
1313 3186 1545 3250 quemad-

518 3267 719 3316 modum
740 3263 907 3312 scribit
932 3265 1010 3312 M.
1028 3264 1218 3312 TullIus
1232 3300 1245 3321 ,
1275 3263 1361 3311 lib.
1380 3267 1452 3311 111
1479 3263 1542 3311 de

517 3348 741 3394 Oratore.
768 3341 1016 3406 Agebatur
1043 3345 1201 3390 an'tem
1228 3343 1321 3400 ita,
1347 3341 1542 3390 adhibi-

516 3425 579 3472 tis
603 3439 705 3471 non
730 3422 889 3469 minna
916 3435 1062 3484 quam
1093 3420 1310 3483 quinque
1336 3419 1542 3468 testibus

519 3503 709 3551 civibus
751 3501 962 3548 romanis
994 3498 1284 3562 puberibus,
1329 3508 1376 3546 et
1416 3515 1540 3563 proe-

516 3597 645 3632 terea
686 3582 783 3628 alio
830 3579 1045 3640 eiusdem
1091 3577 1415 3635 conditionis,
1452 3579 1539 3642 qni

516 3662 685 3710 libram
719 3673 899 3707 aeneam
928 3666 1113 3716 teneat,
1149 3658 1235 3720 qui
1262 3655 1540 3722 appellatur

408 3764 417 3772 .
510 3740 761 3803 libripens.
800 3739 847 3784 Is
882 3737 967 3800 qni
1002 3737 1299 3800 mancipium
1334 3735 1538 3799 accipit,

513 3837 580 3868 ει
610 3829 779 3866 tenens
802 3819 869 3862 ita
898 3815 1048 3862 dicit:
1072 3837 1097 3856 α
1120 3815 1252 3862 hunc
1272 3829 1363 3877 ego
1382 3813 1541 3861 homi-

452 3931 461 3940 .
515 3913 624 3943 nem
670 3911 731 3941 ex
770 3895 881 3953 jure
917 3893 1187 3953 Qniritium
1234 3907 1395 3938 meum
1438 3907 1540 3939 esse

516 3977 625 4021 aio:
652 3975 789 4034 isque
812 3972 929 4018 mihi
954 3981 1143 4034 emptus
1178 3981 1249 4017 est
1286 3970 1383 4017 hoc
1419 3985 1536 4028 oere,

519 4065 745 4111 aeneaque
768 4049 891 4096 libra
907 4069 946 4096 υ.
988 4047 1179 4096 Deinde
1206 4064 1300 4097 aere
1325 4049 1539 4112 percutit

519 4123 685 4170 libram
714 4139 725 4172 :
754 4125 899 4187 idque
922 4142 986 4172 ωε
1016 4125 1099 4173 dat
1126 4126 1201 4189 ci,
1227 4141 1253 4174 a
1277 4142 1377 4191 quo
1400 4143 1535 4174 man·

1631 2867 1685 2915 in
1706 2869 1815 2930 jure
1843 2867 2034 2916 ceditur
2061 2885 2162 2916 rem
2197 2881 2372 2918 tenena
2405 2874 2472 2919 ita
2499 2874 2660 2922 vindi·

1631 2959 1751 2996 cat:
1791 2947 1967 2995 «hunc
2019 2963 2110 3012 ego
2161 2951 2413 2998 hominem
2449 2967 2510 3000 α
2552 2955 2660 3013 jure

1633 3027 1900 3088 Qniritium
1941 3043 2101 3074 meum
2141 3045 2244 3077 esse
2286 3029 2366 3079 aio
2387 3051 2434 3077 ι.
2473 3031 2660 3080 Deinde

1631 3114 1890 3168 postquam
1910 3105 1991 3153 hic
2015 3105 2358 3166 vindicaverit,
2379 3119 2564 3172 praetor
2579 3111 2658 3158 in-

1633 3193 1846 3247 terrogat
1883 3201 1995 3232 enm
2034 3173 2128 3248 ‘qni
2169 3185 2301 3233 cedit
2325 3221 2340 3245 ,
2383 3202 2446 3234 an
2489 3199 2660 3236 contra

1631 3262 1863 3311 vindicet.
1895 3265 2014 3326 Quo
2051 3274 2256 3327 negante
2275 3297 2292 3324 ,
2326 3277 2412 3312 aut
2443 3275 2658 3320 tacente,

1629 3351 1749 3388 tunc
1795 3343 1840 3388 ei
1884 3341 1968 3404 qui
2011 3340 2371 3402 vindicaverit,
2415 3361 2520 3391 eam
2559 3361 2662 3392 rem

1631 3419 1856 3469 addicit:
1881 3419 2034 3484 idque
2061 3419 2184 3485 legis
2219 3423 2350 3471 actio
2383 3424 2662 3474 vocabatur.

1628 3502 1869 3548 Gonni.

1705 3593 1784 3628 ιο.
1813 3583 1934 3626 Iure
1969 3580 2099 3629 civili
2135 3581 2248 3640 sieri
2281 3593 2502 3646 possunt.
2539 3586 2663 3633 Jnre

1627 3657 1762 3705 civili
1787 3657 1892 3705 fleri
1913 3659 2099 3722 aliquid
2115 3675 2220 3707 non
2243 3662 2372 3708 inter
2387 3661 2536 3723 alios,
2565 3662 2664 3710 nisi

1627 3737 1756 3783 inter
1792 3738 1922 3784 cives
1961 3753 2190 3786 romanos
2225 3749 2418 3803 potest,
2447 3757 2662 3803 qnorum

1629 3823 1701 3860 eat
1731 3815 1874 3862 etiam
1903 3817 1985 3877 jus
2016 3817 2188 3879 civile,
2220 3819 2360 3881 qnod
2398 3818 2660 3868 duodecin

1627 3892 1828 3941 Tabulis
1845 3897 2138 3945 continetur.
2160 3898 2402 3946 Bou-tna.

1695 3972 1786 4020 vt.
1819 3989 1863 4021 1.
1897 3976 2020 4037 Quoe
2046 3975 2161 4023 sint.
2191 3977 2272 4024 Sic
2299 3975 2438 4024 dedit
2463 3978 2655 4024 Erum.

1625 4065 1653 4096 e
1682 4051 1774 4099 MS
1791 4086 1807 4110 ,
1833 4067 1929 4116 pro
1955 4053 2093 4118 vulg.
2115 4066 2252 4112 sune,
2284 4055 2423 4118 quod
2453 4052 2657 4104 sehfiu.

1625 4130 1854 4178 servavit.
