2982 4682
850 319 974 386 AD
1024 319 1614 405 HERENNIUM,
1661 319 1931 388 LIBER
1979 321 2106 406 ιν,
2159 315 2272 390 55.
2471 321 2626 421 -269

586 443 733 509 LV.
779 439 1534 534 (1.v.)'De1nonstratio
1557 451 1577 484 ¹
1630 455 1773 524 est,
1833 464 2062 536 quum
2101 441 2198 510 ita
2233 465 2349 512 res
2385 443 2620 516 verbis

492 550 947 646 exprimitur,
987 566 1067 620 ut
1106 553 1258 648 geri
1286 553 1660 649 negotium
1683 603 1703 636 ,
1741 565 1814 620 et
1839 575 1956 621 res
1993 565 2160 622 ante
2192 552 2444 624 oculos
2471 579 2624 626 esse

490 657 841 730 videatur.
894 659 979 730 Id
1030 658 1189 731 fieri
1244 663 1547 758 poterit,
1599 662 1697 747 si,
1739 684 1900 755 quae
1955 675 2156 747 ante,
2200 677 2273 733 et
2312 679 2520 761 post,
2551 680 2626 736 et

490 769 563 838 in
612 771 767 866 ipsa
814 795 895 840 re
945 768 1129 840 facta
1184 787 1436 857 erunt,
1488 768 2286 866 comprehendemus²‚
2315 789 2442 843 aut
2475 775 2532 844 si
2582 797 2624 844 a

488 877 708 950 rebus
734 879 1389 974 consequentibus,
1430 895 1554 951 aut
1588 905 1630 950 a
1659 880 2296 952 circumstantibus
2327 907 2478 954 non
2513 908 2624 954 re-

490 988 863 1076 cedemus,
902 987 1047 1062 boc·
1080 990 1347 1062 modo:
1394 1021 1428 1056 α
1456 989 1678 1083 Quod
1713 989 1921 1060 simul
1962 1004 2180 1087 atque
2205 990 2621 1065 Gracchus³

486 1099 892 1194 prospexit,
935 1097 1284 1170 fluctuare
1302 1099 1656 1198 populum
1683 1153 1702 1186 ,
1741 1113 2147 1186 verentem,
2185 1125 2279 1172 ne
2307 1105 2464 1198 ipse
2495 1128 2624 1174 au·

486 1209 814 1280 ctoritate
881 1225 1172 1280 senatus
1231 1223 1639 1281 commotus
1690 1234 1731 1279 a
1789 1212 2144 1282 sententia
2207 1210 2625 1301 desisteret,

482 1315 693 1410 jubet
752 1315 1089 1389 advocari
1146 1322 1600 1392 concionem.
1665 1323 1807 1390 Iste
1873 1320 2188 1392 interea4
2233 1321 2504 1394 scelere
2551 1339 2626 1395 et

488 1427 693 1498 malis
766 1427 1327 1524 cogitationibus
1384 1427 1836 1516 redundans,
1892 1427 2130 1500 evolat
2198 1453 2288 1500 ex
2349 1432 2623 1529 templo

484 1539 719 1623 Jovis,
775 1552 847 1608 et
898 1536 1197 1625 sudans,
1236 1539 1466 1610 oculis
1529 1537 1982 1625 ardentibus,
2035 1555 2278 1612 erecto
2322 1541 2624 1639 capillo,

436 1647 446 1656 ’
485 1661 819 1720 contorta
865 1662 1069 1745 toga,
1116 1672 1283 1719 cum
1321 1647 1657 1745 pluribus
1702 1648 1856 1719 aliis
1902 1650 2006 1720 ire
2043 1647 2343 1721 celerius
2377 1655 2617 1750 coepit.

484 1757 595 1828 Illi
631 1781 868 1855 praeco
906 1756 1213 1829 faciebat
1257 1757 1695 1830 audientiam
1729 1760 1746 1828 ἐ
1777 1758 1898 1828 hic
1931 1757 2356 1831 subsellium
2389 1762 2624 1860 quod-

482 1867 647 1938 dam
684 1868 877 1940 calce
915 1893 1295 1966 premenS,
1340 1867 1591 1939 dextra
1630 1866 1892 1965 pedem
1927 1866 2302 1966 defringit,
2336 1886 2408 1942 et
2443 1872 2620 1945 alios

486 1978 625 2050 hoc
652 1978 845 2050 idem
873 1978 1089 2075 jubet
1114 1978 1365 2051 facere.
1396 1983 1646 2070 Quum
1671 1977 2042 2048 Gracchus
2069 1976 2246 2048 deos
2267 1981 2622 2078 inciperet

488 2091 803 2186 precari,
840 2092 1107 2161 cursim
1138 2090 1255 2160 isti
1296 2091 1650 2188 impetum
1682 2087 1993 2174 faciunt3
2021 2113 2112 2158 ex
2138 2087 2291 2160 aliis
2316 2090 2620 2189 aliisque

484 2193 857 2296 partibus⁵
922 2199 1353 2286 convolant;
1408 2215 1626 2295 atque
1677 2223 1718 2268 e
1764 2197 2043 2294 populo
2107 2223 2341 2288 unus,
2396 2206 2620 2299 Fuge,

480 2311 755 2408 iuquit,
796 2309 1076 2398 Tiberi,
1139 2307 1330 2407 fuge.
1394 2313 1562 2383 Non
1624 2306 1870 2379 vides?
1924 2307 2232 2406 respice,
2285 2311 2613 2406 inquam.

482 2422 762 2494 Deinde
834 2430 1009 2519 vaga
1078 2419 1514 2508 multitudo,
1567 2418 1812 2491 subito
1877 2421 2136 2490 timore
2199 2423 2617 2517 perterrita,

484 2529 731 2627 fugere
764 2534 1007 2630 coepit.
1056 2538 1147 2603 At
1191 2534 1324 2603 iste
1360 2554 1706 2629 spumans
1745 2554 1834 2601 ex
1871 2554 1998 2601 ore
2035 2525 2348 2617 scelusss,
2395 2530 2612 2603 anhe-

481 2639 633 2712 lans
665 2666 753 2712 ex
790 2644 1050 2713 intimo
1090 2658 1383 2741 pectore
1423 2640 1956 2723 crudelitatem,
1996 2654 2435 2738 contorquet
2461 2641 2616 2713 bra-

478 2750 765 2839 chium;
828 2770 901 2825 et
945 2751 1309 2825 dubitanti
1340 2750 1708 2837 Graccho,
1753 2749 1932 2847 quid
1977 2764 2204 2837 esset,
2243 2774 2486 2847 neque
2515 2767 2614 2823 ta-

547 2962 647 3009 LV.
688 2976 731 3007 1.
770 2958 1149 3007 Demonstratio.
1190 2960 1257 3007 En
1286 2968 1359 3007 est
1380 2974 1498 3006 vere

474 3037 784 3104 hfpolypose’s
840 3040 1007 3103 potius
1054 3054 1199 3103 qnam
1247 3053 1303 3086 ea
1350 3034 1498 3103 quiam

477 3119 755 3182 putavimus
778 3117 1037 3183 descriptio
1054 3154 1068 3178 ,
1096 3118 1161 3167 do
1178 3134 1275 3183 qun
1310 3120 1501 3184 respice

477 3212 583 3261 cap.
615 3197 701 3260 39.

550 3290 599 3324 a.
622 3276 677 3323 sa·
688 3310 705 3335 ,
730 3292 845 3339 qnoe
863 3286 1006 3338 ante,
1030 3288 1079 3323 et
1094 3287 1240 3341 post,
1259 3290 1309 3325 ee
1324 3277 1375 3325 ἱη
1392 3276 1500 3341 ipsa

476 3354 687 3419 rosacea
706 3366 873 3414 erunt,
894 3356 1351 3420 comprehendemus
1364 3390 1379 3415 ,
1400 3366 1496 3406 etc.

478 3434 743 3500 Descriptio
771 3445 943 3483 contra
970 3450 1073 3482 non
1098 3451 1153 3483 ea
1177 3450 1287 3497 quae
1312 3433 1375 3482 ad
1395 3449 1498 3483 rem

474 3516 626 3577 {pum
646 3515 856 3563 attinent
869 3548 885 3572 ,
909 3512 997 3561 sed
1027 3528 1139 3578 qtoae
1167 3512 1409 3574 judicium
1426 3530 1499 3562 ae·

472 3602 683 3655 quantur
710 3592 935 3643 attendit.

544 3673 597 3719 3.
637 3670 906 3720 Gracchus.
945 3670 1171 3719 'liberius
1211 3670 1461 3721 Gracchus
1478 3705 1495 3732 ,

474 3750 675 3798 fratrum
709 3752 894 3813 major,
932 3764 1079 3815 quem
1102 3759 1271 3813 postea
1298 3750 1499 3798 nomine

474 3844 564 3876 suo
592 3829 831 3893 designat.

546 3914 595 3962 4.
614 3910 713 3956 Iste
736 3908 945 3959 interea.
992 3911 1091 3957 lnt.
1122 3907 1378 3973 Opimius,
1413 3910 1500 3971 qni

475 3987 753 4035 Gracchum
768 3988 1029 4037 interfecit.
1057 3990 1186 4037 Eut.
1206 4012 1271 4021 —-
1288 3986 1385 4035 Vel
1408 4002 1500 4051 po-

479 4065 573 4115 tim
595 4076 721 4131 puto
738 4067 903 4133 Scipio
942 4067 1118 4118 Nasio-
1132 4100 1149 4129 ,
1179 4080 1323 4131 quem
1352 4066 1499 4116 endi·

1587 2956 1759 3004 ducem
1775 2956 1920 3003 fuisse
1949 2954 2260 3021 Plutarchus,
2286 2957 2478 3021 Florus,
2491 2959 2612 3009 Vol-

1586 3035 1806 3098 leiuuque
1836 3032 2158 3084 indiderunt.
2449 3051 2454 3059 ·

1662 3116 1714 3163 5.
1753 3116 1837 3161 Ex
1876 3112 1988 3163 aliis
2013 3113 2224 3178 aliisque
2249 3116 2472 3179 panibus
2496 3134 2611 3166 eon-

1590 3194 1775 3242 volant.
1805 3194 1897 3241 ΜΒ
1927 3192 2032 3241 Ers.
2067 3209 2160 3242 «ox
2187 3194 2298 3243 aliis
2320 3196 2426 3244 aliis
2455 3200 2610 3262 parti.

1586 3272 1682 3321 bus
1711 3271 1979 3322 convolant
1996 3294 2041 3321 n.
2068 3272 2160 3321 Ed.
2179 3272 2386 3322 Mediol.
2408 3292 2488 3341 pr.
2509 3298 2536 3319 ι
2549 3294 2612 3325 ex

1585 3354 1692 3402 aliis
1727 3354 1810 3402 alii
1849 3353 2070 3419 partibus
2105 3354 2436 3417 convolant»,
2471 3358 2610 3421 quod

1584 3434 1783 3497 praefert
1802 3432 1934 3484 Oud.
1958 3434 2091 3481 Ena.
2117 3460 2190 3471 --
2218 3435 2362 3483 Hanc
2387 3434 2608 3486 ulti-nm

1583 3512 1843 3575 lectionem
1863 3510 2060 3563 Schfitz.
2079 3514 2296 3577 praemlit
2314 3531 2378 3563 ex
2401 3516 2538 3565 Leia.
2565 3530 2608 3576 ι,

1584 3595 1726 3642 Voss.
1756 3594 1785 3640 3
1802 3626 1818 3652 ‚
1839 3591 1918 3643 ed.
1943 3591 2078 3640 Med.

1656 3670 1706 3719 6.
1745 3674 1980 3735 Spumans
2015 3687 2082 3719 ea:
2121 3687 2207 3719 ore
2244 3670 2420 3720 scelus,
2455 3672 2610 3720 Malui

1584 3750 1716 3798 istud
1758 3765 1870 3798 eum
1907 3749 2202 3797 victoriani:
2217 3784 2232 3808 ,
2267 3758 2608 3813 repemmque

1583 3829 1636 3877 in
1660 3830 1761 3877 Pal.
1787 3838 1944 3894 quart.
1967 3838 2018 3876 et
2035 3838 2158 3877 sext.
2177 3842 2324 3890 quam
2344 3826 2480 3890 qnod
2498 3829 2610 3876 Ma·
2639 3846 2650 3855 ·

1586 3909 1776 3956 nutinni
1791 3917 2062 3971 sequnntur
2079 3924 2102 3949 ι
2115 3920 2336 3969 npumm
2353 3920 2413 3955 a
2433 3920 2518 3954 οη
2534 3922 2608 3955 m·

1584 3988 1754 4049 jicio-s
1767 4008 1809 4034 n.
1829 3986 2008 4048 Reiicit
2025 3985 2154 4031 enim
2177 3983 2301 4031 hanc
2319 3984 2606 4051 scriptun-

1591 4068 1860 4117 membrum
1881 4080 2107 4131 aequem.
2131 4065 2298 4114 Gna-r.
