2982 4682
696 421 822 485 AD
871 420 1464 506 HERENNIUM,
1509 423 1773 492 LIBER
1822 424 1946 508 IV,
2005 423 2116 494 31.
2321 453 2457 526 ²²7

321 563 484 637 quae
511 563 646 610 nos
683 539 1062 628 admonet,
1101 556 1217 629 ut,
1245 545 1361 612 cui
1387 545 1493 614 rei
1525 567 1795 615 nomen
1820 559 1947 616 aut
1980 569 2134 618 non
2165 549 2297 638 sit,
2328 567 2460 624 aut

321 652 486 721 satis
523 650 870 721 idoneum
903 676 1054 722 non
1081 653 1210 738 sit,
1246 677 1406 723 eam
1429 668 1721 730 nosmet
1756 653 2025 726 idoneo
2062 656 2287 730 verbo
2322 685 2461 734 no·

323 765 716 846 minemuS‚
769 776 894 832 aut
943 762 1360 833 imitationis
1381 815 1402 850 ‚
1453 769 1583 832 au't
1630 761 2169 859 significationis
2224 791 2458 841 causa.

320 872 744 944 Imitationis
766 925 785 959 ,
831 871 972 944 hoc
1001 871 1269 958 mod0‚
1307 885 1393 943 ut
1419 873 1729 968 majores
1767 872 2062 963 rudere,
2088 890 2161 948 et
2192 881 2465 976 vagire,

319 998 392 1054 et
433 982 752 1078 mugire,
792 996 870 1053 et
909 1006 1400 1074 murmurare,
1447 998 1521 1055 et
1558 983 1842 1056 sibilare
1885 986 2460 1084 appellaverunt.

316 1089 812 1186 Significandae
865 1092 974 1162 rei
1009 1115 1254 1179 causa,
1293 1093 1438 1164 sic:
1493 1123 1526 1158 α
1544 1098 1937 1190 Postquam
1976 1097 2112 1168 iste
2154 1099 2231 1168 in
2268 1125 2462 1172 rem-

316 1200 682 1298 publicam
717 1198 887 1272 fecit
919 1203 1312 1298 impetum,
1344 1199 1591 1299 fragor
1617 1199 2009 1276 civitatis3
1988 1211 2319 1304 inprimis
2352 1225 2463 1286 est

315 1311 604 1382 auditus
627 1341 682 1380 n.
711 1316 866 1382 Hoc
890 1334 1155 1406 genere
1179 1336 1346 1382 raro
1369 1311 1727 1384 utendum
1748 1328 1890 1404 est,
1926 1339 2023 1388 ne
2060 1319 2234 1388 novi
2260 1319 2462 1392 verbi

315 1419 686 1492 assiduitas
721 1420 970 1492 odium
999 1423 1274 1520 pariat:
1317 1421 1446 1494 sed
1483 1424 1545 1494 si
1570 1422 1957 1496 commode
1982 1428 2147 1524 quis
2186 1452 2274 1500 eo
2306 1444 2463 1503 uta·

315 1547 451 1618 tur,
485 1546 560 1602 et
585 1555 744 1602 raro
765 1587 784 1616 ‚
819 1557 971 1602 non
997 1530 1219 1603 modo
1244 1557 1396 1604 non
1433 1530 1758 1605 offendet
1784 1535 2107 1608 novitate
2126 1591 2145 1624 ‚
2182 1536 2309 1611 sed
2334 1563 2459 1612 ex-

253 1671 263 1678 ·
317 1638 606 1711 ornabit
643 1641 857 1712 etiam
900 1643 1328 1712 orationem.

404 1751 1160 1838 Pronominatio4est‚
1203 1775 1364 1848 quae
1407 1753 1619 1824 sicuti
1659 1758 2089 1850 cognomine
2132 1756 2453 1853 quodam

312 1876 651 1933 extraneo
705 1860 1157 1934 demonstrat
1193 1860 1269 1933 id
1294 1917 1314 1948 ,
1350 1862 1553 1959 quod
1593 1887 1731 1934 ,suo
1774 1865 2073 1938 nomine
2110 1867 2457 1966 appellari

311 1997 460 2040 non
486 1967 730 2068 potest
747 1968 803 2059 5,
833 1985 954 2059 ut,
993 1975 1054 2042 si
1079 1973 1244 2068 quis
1265 2025 1286 2058 ‚
1329 1996 1559 2068 quum
1584 1971 1930 2068 loquatur
1964 1972 2055 2045 de
2078 1977 2449 2050 Gracchis:

310 2113 342 2144 «
369 2085 457 2152 At
495 2107 650 2152 non
676 2079 998 2154 Africani
1037 2096 1380 2180 nepotes»,
1444 2085 1732 2178 inquiet
1751 2079 1810 2170 ⁶,
1842 2084 2251 2157 istiusmodi
2293 2085 2453 2160 fue·

307 2206 479 2263 runt
507 2223 565 2262 ».
627 2197 814 2263 Item
835 2245 854 2279 ‚
894 2193 958 2264 si
1015 2194 1178 2291 quis
1245 2193 1338 2264 de
1390 2192 1801 2264 adversario
1862 2218 2093 2290 quum
2126 2205 2159 2256 7
2206 2194 2395 2269 dicat
2432 2226 2449 2268 :

305 2299 608 2374 «Videte
638 2326 876 2391 nunc,
913 2303 1198 2400 inquiet
1217 2293 1275 2393 ⁸,
1310 2300 1631 2399 judices,
1670 2302 2294 2399 quemadmodum
2332 2333 2450 2383 me

301 2414 794 2511 Plagiosippus
827 2414 1010 2483 iste9
1051 2415 1449 2483 tractarit».
1494 2418 1651 2483 Ηοο
1680 2428 1893 2510 pacto
1930 2439 2082 2485 non
2114 2417 2451 2491 inornate

305 2530 706 2624 poterimus
731 2527 904 2597 etin
929 2524 1330 2614 laudand0‚
1361 2540 1432 2598 et
1459 2527 1539 2597 iu
1558 2526 1887 2598 laedendo
1907 2582 1926 2615 ‚
1950 2543 2078 2599 aut
2108 2552 2451 2629 corpore,

367 2737 420 2783 3.
459 2736 651 2799 Fragor
689 2732 896 2783 civitatis
937 2732 1178 2799 inprimis.
1217 2736 1330 2783 Hoc

299 2830 400 2863 non
431 2814 552 2863 eatis
591 2813 848 2878 intelligo,
875 2824 1081 2878 propter
1103 2812 1231 2861 illud
1253 2813 1329 2861 in·

291 2893 482 2957 pn‘mis.
507 2894 607 2943 Sed
633 2910 734 2942 non
762 2894 887 2941 tanti
915 2902 988 2940 est
1013 2893 1066 2939 in
1091 2892 1168 2941 his
1189 2892 1328 2941 labo·

295 2990 400 3023 rue
415 3009 432 3034 ‚
467 2984 526 3023 ut
555 2990 644 3023 nec
669 2974 892 3038 proxime
915 2974 968 3020 in
995 2970 1326 3036 Plagiosippo.

295 3055 422 3103 Eun.
443 3080 516 3091 —-
534 3052 781 3119 Inprimis.
821 3054 908 3100 Est
943 3050 1188 3099 Wetzelio
1223 3066 1328 3099 ma·

292 3132 474 3181 εἰαω.
547 3132 719 3181 Malim
757 3131 966 3195 intelligi
991 3164 1008 3190 ,
1053 3131 1097 3179 ei
1135 3131 1324 3194 pouit,

285 3212 532 3276 protinus.

363 3300 416 3348 4.
437 3289 829 3339 Ρωιιοπιίηαείο.
849 3288 1160 3353 Quintiliano
1177 3298 1326 3337 anto-

293 3372 542 3429 nem-nie,
559 3368 714 3427 vm,
744 3371 796 3419 6.

361 3451 412 3499 5.
435 3448 700 3513 Appellan'
725 3462 828 3495 non
852 3458 1030 3513 potest.
1049 3446 1166 3495 Seh.
1194 3468 1220 3489 ιι
1235 3460 1320 3509 ap-

290 3528 464 3592 peu-ri
497 3542 606 3575 non
639 3527 800 3591 placet
819 3550 866 3577 ιι.
891 3526 1163 3589 Quomodo
1191 3535 1321 3575 recto

293 3606 510 3666 dicatur,
541 3608 735 3670 inquit,
777 3606 966 3672 aliquid
1002 3623 1094 3655 eno
1121 3608 1320 3655 nomine

289 3686 532 3751 appellare
565 3702 672 3734 nou
711 3702 858 3751 posse
871 3692 898 3735 θ
929 3690 1088 3735 Immo
1132 3700 1321 3751 semper

289 3776 483 3827 potent:
513 3765 601 3812 sed
617 3780 724 3813 non
749 3766 910 3830 placet
935 3780 1144 3829 semper.
1166 3790 1237 3802 —-
1255 3768 1321 3813 At

289 3859 416 3907 sepe
469 3860 578 3893 non
626 3845 817 3908 placet,
861 3847 980 3910 quia
1033 3856 1105 3893 ent
1157 3844 1318 3909 eliqua

290 3938 444 3971 enm
471 3926 732 3973 neceuitm
757 3942 868 3990 qun
891 3924 1002 3973 fieri
1027 3936 1182 3985 vetet,
1203 3925 1318 3989 quie

293 3998 396 4051 fieri
421 4019 524 4051 non
555 4015 734 4067 potest.

357 4082 410 4129 6.
435 4082 680 4147 Nepotes,
715 4082 920 4148 inquiet.
949 4084 1082 4135 Edd.
1111 4094 1319 4143 veteres,

291 4174 384 4209 en.
411 4160 632 4225 inquit».

1491 2750 1539 2795 7.
1566 2736 1643 2783 De
1668 2733 1951 2783 adversario
1982 2752 2135 2799 quum
2156 2737 2307 2785 dicae.
2336 2738 2447 2789 Ad.

1417 2812 1633 2861 didimus
1650 2830 1799 2877 quum
1822 2830 1850 2861 e
1877 2814 2003 2863 MSS
2040 2816 2198 2865 Gron.
2230 2826 2279 2864 et
2311 2818 2444 2867 Oud.

1416 2907 1531 2939 mm
1590 2892 1708 2939 alias
1768 2890 1935 2954 inquit
1977 2891 2237 2941 delendum
2290 2896 2441 2955 foret,

1415 2969 1557 3033 qnod
1594 2970 1719 3017 nihil
1759 2970 1987 3029 haberet,
2020 2986 2123 3034 quo
2166 2972 2441 3026 referretur.

1414 3052 1548 3099 Ean.
1570 3076 1641 3087 -—
1665 3051 1823 3113 Quum
1844 3048 1983 3097 abest
2005 3050 2069 3097 ab
2096 3050 2219 3101 edit.
2234 3054 2447 3107 Medici.

1422 3130 1579 3192 1498,
1602 3132 1749 3179 Grut.

1489 3210 1542 3257 8.
1578 3208 1756 3256 Videte
1790 3224 1919 3256 nunc
1932 3242 1951 3266 ,
1988 3206 2189 3273 inquiet.
2224 3213 2441 3263 «Videte

1415 3304 1466 3335 n.
1485 3288 1689 3353 inquit·
1716 3286 1799 3337 etl.
1820 3288 1959 3337 Med.
1984 3290 2146 3352 1498,
2168 3292 2311 3341 Grut.
2353 3344 2367 3350 5

1485 3384 1535 3431 9.
1581 3367 1924 3433 Plagiosippm
1964 3368 2069 3417 iste.
2111 3371 2181 3417 Ita
2232 3374 2441 3423 maxime

1407 3463 1523 3511 pere
1566 3446 1694 3495 Pan..
1734 3448 1920 3511 quippe
1960 3462 2089 3495 unus
2128 3460 2275 3513 etque
2319 3452 2442 3501 alter

1407 3527 1775 3592 Plagioayppus
1786 3562 1805 3586 ,
1850 3527 2106 3592 quomodo
2150 3530 2231 3581 Br.
2266 3542 2317 3579 et
2352 3534 2439 3581 Pe-

1409 3607 1616 3655 treinni:
1646 3608 1733 3655 sed
1760 3607 1907 3655 unico
1936 3624 2023 3672 per
2042 3608 2159 3659 Fah.
2175 3610 2441 3674 Plagioay-

1399 3684 1562 3751 phm,
1589 3686 1726 3749 qnod
1750 3686 1991 3750 placui-n
2014 3688 2247 3737 'lut-nebo
2262 3725 2277 3750 ,
2296 3691 2445 3740 refert

1405 3765 1609 3830 quidem
1624 3766 1707 3813 hie
1729 3765 2021 3815 Lambinus:
2048 3766 2137 3815 ned
2160 3777 2287 3817 tacet
2308 3770 2438 3833 ipae-

1408 3856 1509 3895 met
1543 3846 1631 3893 lib.
1658 3846 1764 3893 11
1797 3844 2063 3907 Adverear.
2087 3862 2197 3911 cap.
2226 3848 2295 3897 25
2310 3881 2327 3907 ‚
2360 3848 2445 3897 ubi

1405 3926 1527 3973 eliu
1540 3924 1707 3990 potius
1730 3925 2036 3985 coniectum
2054 3940 2169 3973 anu
2188 3926 2438 3989 producit.

1406 4006 1579 4053 Gau-r.
1606 4030 1676 4043 --
1712 4000 1921 4073 Πλέγιος
1964 4000 2105 4060 ἵππος
2142 4004 2338 4053 videtur
2370 4006 2437 4053 ei-

1408 4082 1639 4148 gnifienre
1672 4082 1921 4133 hominem
1956 4082 2224 4134 deformem
2250 4094 2301 4132 et
2324 4084 2438 4133 vio·

1407 4162 1617 4221 lentum.

2088 4246 2191 4317 15.
