2982 4682
500 370 592 445 38
1176 343 1274 436 Μ.
1325 367 1401 434 Τ.
1456 362 1952 434 clcERoms

494 491 865 576 convenit3
881 485 1007 560 sed
1023 489 1211 583 jure,
1230 510 1321 556 an
1354 485 1614 580 injuria
1643 482 1910 554 factum
1935 483 2048 572 sit,
2065 486 2428 580 quaeritur.
2447 485 2620 582 Ejus

493 599 1027 675 constitutionis
1044 610 1282 694 partes
1302 609 1475 666 sunt
1501 592 1692 682 duae,
1711 617 2018 690 quarum
2049 617 2195 665 una
2213 592 2542 667 absoluta
2557 607 2615 674 ²,

488 713 711 784 altera
742 709 1177 805 assumptiva
1196 700 1225 748 3
1259 705 1697 776 nominatur.
1728 700 2078 774 Absoluta
2101 715 2245 791 est,
2285 728 2515 800 quum
2541 703 2615 778 id

490 824 767 920 ipsum,
792 817 995 916 quod
1026 814 1294 888 sactum
1332 828 1479 901 est,
1519 827 1602 884 ut
1641 811 1842 884 aliud
1869 811 2054 884 nibil
2087 809 2260 886 foris
2299 837 2614 886 assuma-

486 947 631 1018 tur,
692 942 885 1001 recte
943 926 1209 1000 factum
1260 947 1413 998 esse
1458 923 1799 994 dicemus.
1850 926 1950 994 Ea
2008 936 2114 996 est
2155 922 2564 1018 hujusmodi
2595 952 2611 996 :

488 1072 523 1110 α
546 1041 811 1112 Mimus
828 1035 1122 1136 quidam
1154 1035 1588 1106 nominatim
1618 1032 1951 1104 Accium4
1987 1046 2271 1129 poetam
2293 1033 2610 1132 compel-

489 1149 659 1220 lavit
686 1149 764 1220 in
794 1173 1007 1220 scena
1031 1143 1063 1190 ⁵
1095 1172 1113 1217 ε
1147 1169 1315 1218 cum
1352 1167 1443 1216 eo
1468 1138 1770 1216 Accius⁶
1795 1141 2224 1237 injurarium
2253 1145 2400 1240 agit
2436 1170 2452 1213 ε
2493 1143 2612 1216 hic

484 1257 668 1329 nibil
684 1257 874 1330 aliud
897 1253 1239 1342 defendit,
1249 1255 1383 1324 nisi
1398 1253 1610 1327 licere
1629 1253 1988 1324 nominari
2013 1277 2180 1324 eum
2197 1265 2253 1343 ⁷,
2274 1253 2388 1348 cuj
2397 1278 2479 1325 us
2493 1279 2612 1324 no·

484 1368 681 1439 mine
696 1370 955 1465 scripta
968 1365 1234 1438 dentur
1246 1363 1586 1461 agenda».
1607 1364 2051 1460 Assumptiva
2065 1387 2229 1461 pars
2240 1377 2608 1460 est,quum

483 1501 617 1575 per
648 1500 725 1549 se
761 1475 1083 1550 defensio
1108 1473 1395 1546 infirma
1430 1488 1573 1562 est,
1607 1473 1734 1544 sed
1771 1487 2134 1571 assumpta
2157 1470 2501 1550 extraria⁸
2529 1499 2620 1570 re⁴

483 1586 1019 1684 comprobatur.
1056 1586 1527 1682 Assumptivae
1560 1599 1794 1681 partes
1831 1597 1999 1654 sunt
2031 1597 2346 1680 quatuor
2382 1609 2398 1653 ε
2435 1608 2606 1654 con·

484 1697 711 1766 cessio
727 1706 785 1783 9,
824 1699 1135 1767 remotio
1164 1694 1481 1768 criminis
1503 1703 1591 1780 ¹⁰,
1631 1691 2002 1764 translatio
2035 1693 2380 1778 criminis,
2411 1717 2605 1764 com-

482 1808 778 1902 paratio,
796 1807 1183 1880 Concessio
1213 1819 1343 1892 est,
1366 1828 1598 1900 quum
1615 1827 1784 1875 reus
1799 1802 2116 1902 postulat
2137 1802 2274 1876 sibi
2299 1805 2603 1901 ignosci:

1585 1953 1726 2013 causa
1753 1981 1898 2013 nemo
1923 1976 2132 2030 poterat.
2161 1967 2225 2015 Et
2249 1964 2408 2017 firmet
2433 1967 2606 2016 lectio-

480 1969 582 2032 sgit
602 1967 851 2030 infrs,11,
881 1970 962 2018 13.
985 1967 1061 2018 cf.
1085 1967 1145 2016 de
1162 1969 1273 2016 Inv.
1292 1967 1343 2015 11
1360 2001 1375 2028 ,
1399 1965 1498 2025 23,

1583 2059 1696 2092 nan
1733 2043 1784 2091 t‘n
1825 2061 1974 2093 scena
2017 2046 2156 2094 locus
2195 2045 2368 2094 similis
2403 2049 2480 2110 11,
2520 2049 2600 2098 13.

479 2063 663 2097 nomeu
706 2049 867 2114 ipsum
922 2049 1177 2098 molestum
1230 2045 1349 2095 dicit
1395 2061 1498 2096 esse

476 2127 601 2191 Top.
628 2135 713 2182 24.
750 2127 1021 2192 Amlogice
1054 2138 1215 2176 tamen
1243 2141 1307 2174 ex
1338 2140 1497 2190 greco

476 2199 722 2258 δικανικὸν
750 2205 1049 2254 translatum.
1068 2207 1307 2254 erztt..

550 2300 598 2333 α.
624 2285 880 2334 Absoluta.
912 2283 1064 2349 Quasi
1092 2284 1145 2331 in
1169 2299 1220 2331 se
1246 2282 1456 2350 perfecta
1475 2317 1495 2343 ,

474 2381 577 2413 non
607 2366 700 2415 alia
727 2382 824 2431 qua
844 2382 898 2415 re
922 2363 1233 2430 perficienda.
1262 2364 1339 2413 cf.
1368 2364 1490 2411 infra

472 2446 546 2503 11,
572 2446 629 2493 13
647 2479 663 2506 ‚
685 2461 827 2509 quam
846 2443 1183 2508 Quintilianus.
1197 2444 1320 2501 vn,
1344 2449 1375 2497 4
1390 2477 1405 2501 ‚
1434 2445 1487 2501 5,

471 2534 617 2571 vocat
636 2524 963 2571 defensionem
980 2522 1268 2571 absolutam.
1291 2524 1465 2571 Wnrz.

548 2604 600 2649 3.
620 2601 946 2665 Assumptiva.
966 2602 1229 2651 Assumere
1249 2600 1384 2659 soris,
1404 2617 1489 2649 ex·

468 2680 730 2737 trinsecus,
760 2679 944 2745 aliquid
962 2679 1141 2729 solens.
1165 2681 1254 2729 Gr.
1278 2684 1490 2749 προσλη-

466 2757 638 2814 πτικῆ.
663 2759 835 2821 Quint.
852 2762 980 2823 vn,
1003 2762 1034 2821 4
1056 2792 1071 2820 ,
1098 2774 1133 2827 7
1154 2773 1168 2806 ε
1187 2775 1283 2823 qus
1306 2760 1486 2809 factum

463 2854 554 2903 per
584 2855 635 2886 se
666 2838 989 2903 improbabile
1016 2839 1274 2902 assumptis
1302 2840 1485 2887 extrin-

472 2934 613 2966 secus
632 2918 825 2967 auxiliis
842 2930 1047 2967 tuemur.
1070 2920 1245 2967 th.

536 2999 585 3056 4.
617 2996 841 3047 Accium.
872 2998 943 3047 En
970 3014 1112 3047 musa
1134 3014 1248 3046 vere
1264 2997 1481 3060 judicata

460 3086 534 3124 est
559 3092 586 3123 a
616 3076 672 3125 P.
700 3078 873 3127 Mucio
906 3077 1122 3128 Scoevola
1138 3113 1153 3137 ‚
1182 3076 1479 3126 condemna·

458 3164 635 3219 tusque
659 3155 703 3203 is
728 3156 817 3220 qui
840 3168 1032 3221 poetam
1074 3156 1127 3203 in
1148 3172 1293 3205 scena
1316 3158 1477 3206 nomi-

460 3244 612 3281 uarat.

530 3314 580 3361 5.
628 3314 687 3359 In
726 3328 893 3361 scena.
930 3314 1010 3362 Sic
1052 3316 1143 3363 MS
1184 3314 1355 3364 Duisb.
1392 3314 1471 3366 ed.

453 3391 594 3440 Med.
623 3393 737 3440 Asc.
763 3389 912 3451 Aldi,
942 3402 1039 3443 etc.
1067 3395 1196 3458 Ergo
1222 3408 1324 3441 non
1352 3404 1425 3442 est
1446 3412 1473 3441 e

454 3472 737 3531 conjecturs
770 3470 1078 3527 Becbichemi
1096 3510 1112 3534 ,
1143 3484 1198 3521 ut
1236 3476 1473 3523 Gruterus

450 3551 544 3609 sit,
564 3550 649 3613 qui
661 3549 829 3597 saltem
848 3550 926 3600 ed.
946 3550 1081 3599 Med.
1100 3551 1343 3615 posterior
1360 3553 1466 3602 fuit.

450 3628 735 3688 emacula,
760 3645 855 3693 pro
880 3645 981 3694 quo
1008 3641 1082 3679 est
1106 3633 1159 3679 iu
1184 3634 1322 3680 Junt.
1350 3648 1467 3681 seoe·

446 3708 657 3765 noculo,
694 3719 856 3757 ortum
892 3726 919 3757 e
942 3732 967 3751 ιι
1003 3726 1143 3759 scena
1183 3727 1295 3759 cum
1333 3726 1393 3760 eo
1420 3732 1465 3773 ι,

1581 2124 1824 2172 Eunus-rr.
1850 2152 1919 2161 —
1940 2126 2064 2186 Quae
2083 2125 2260 2191 probat
2283 2125 2479 2174 Scbiits.

1653 2201 1702 2249 6.
1731 2201 1849 2249 Cum
1872 2219 1930 2251 eo
1956 2203 2156 2252 Accius.
2185 2203 2277 2252 Ed.
2305 2207 2440 2268 1474
2457 2206 2602 2254 habet

1581 2281 1633 2328 in
1660 2297 1733 2330 oo.
1760 2281 1893 2330 Eur.

1655 2376 1704 2421 7.
1741 2359 2003 2409 Nominan‘
2035 2377 2162 2411 eum.
2199 2364 2325 2411 Mss
2361 2364 2522 2428 plures
2552 2376 2602 2415 et

1578 2438 1692 2487 edd.
1713 2449 1832 2487 vett.
1858 2451 1916 2489 ut
1934 2440 2130 2490 omnib.
2159 2441 2293 2489 Med.
2319 2442 2596 2491 nominare.

1579 2518 1824 2569 Euius-rr.
1921 2532 1932 2551 ⁸

1650 2606 1697 2655 8.
1733 2605 1977 2653 Exn-aria
2012 2621 2082 2653 re.
2118 2609 2230 2653 Haec
2270 2607 2418 2656 lectio
2452 2625 2596 2673 quam

1575 2682 1708 2731 ond.
1729 2684 1932 2747 probat,
1951 2681 2266 2734 confirmatur
2280 2686 2385 2735 Cic.
2407 2686 2468 2735 de
2485 2690 2593 2737 Inv.

1571 2762 1649 2820 11,
1681 2764 1792 2812 50:
1835 2762 1979 2811 multi
2021 2778 2130 2809 cum
2176 2762 2295 2813 ΔΜ.
2338 2776 2595 2816 extranea.

1572 2840 1686 2887 Sca.
1731 2866 1802 2877 —-
1840 2838 2086 2888 Erunt-fa
2125 2840 2226 2888 sere
2269 2858 2442 2891 omues
2481 2844 2594 2892 libri

1569 2919 1742 2981 nostri,
1755 2914 1853 2966 nisi
1871 2917 2007 2982 quod
2020 2917 2220 2983 quidam
2239 2936 2305 2969 ex
2322 2924 2594 2984 contraria,

1569 3008 1621 3045 et
1639 2996 1706 3045 its
1723 2996 1850 3045 infra
1875 2996 1934 3045 de
1959 2996 2054 3045 bac
2077 2998 2180 3063 ipss
2205 3000 2554 3050 constitutione
2576 3018 2592 3049 .-

1571 3098 1596 3118 n
1615 3076 1720 3124 siue
1749 3076 1850 3124 nna
1883 3076 2218 3141 assumptione
2256 3082 2478 3128 extrariae
2508 3080 2594 3129 de-

1567 3155 1797 3204 fensionis
1823 3172 1874 3218 »ς
1899 3154 1987 3203 ubi
2011 3156 2271 3205 Lambinus
2293 3174 2398 3206 non
2421 3159 2590 3207 debuit

1563 3236 1811 3283 inculcare
1838 3246 2115 3298 extraneae,
2140 3252 2300 3301 neque
2322 3238 2464 3286 aliter
2486 3240 2590 3287 edi-

1563 3314 1636 3363 tio
1649 3314 1901 3379 Stephani.
1917 3314 2154 3364 Guium.
2167 3342 2239 3352 —-
2253 3318 2333 3364 Ex
2345 3330 2590 3368 extranea

1561 3408 1616 3440 re
1633 3392 1713 3443 ed.
1731 3392 1865 3442 mod.
1889 3392 2042 3457 1498.
2060 3396 2146 3443 Ex
2162 3397 2416 3445 contr-aria
2435 3414 2492 3446 re
2506 3399 2587 3448 ed.

1568 3472 1716 3615 ug?-
1731 3548 2006 3601 Concessio.
2045 3552 2120 3619 De
2159 3566 2256 3616 qua
2295 3553 2447 3601 fusius
2485 3556 2590 3619 agit

1555 3629 1698 3678 infra.
1721 3632 1959 3679 Praeterea
1976 3633 2050 3689 11,
2078 3630 2139 3677 16
2152 3665 2167 3685 ,
2192 3630 2256 3677 de
2273 3633 2384 3680 Inv.
2410 3636 2480 3695 11,
2497 3634 2584 3685 31.

1631 3722 1711 3758 ιο.
1770 3708 1990 3757 Remotio
2035 3708 2280 3769 criminis,
2332 3714 2588 3761 &anslatt'o

443 3802 553 3834 mm
584 3786 637 3833 in
674 3786 764 3836 ΜΒ
802 3789 1053 3837 ‹ea-nacula
1086 3803 1187 3851 est,
1214 3794 1319 3840 sine
1353 3806 1463 3839 cum
1551 3788 1785 3839 criminis.
1805 3786 2007 3838 Schiitz.
2031 3789 2324 3838 «tanslatio
2343 3791 2586 3843 criminis,

442 3867 595 3914 eo.Et
607 3867 907 3916 coenaculaeem
920 3869 1062 3933 plane
1075 3870 1307 3919 alienum:
1323 3870 1460 3935 quod
1549 3871 1756 3919 remotio
1823 3870 2042 3919 criminis
2069 3890 2112 3919 ¹·-
2169 3871 2578 3933 Transponendas

440 3944 877 4009 significamur-tem
897 3964 1127 3999 summam
1144 3950 1346 4009 aedium,
1370 3949 1456 3997 ubi
1547 3950 1775 3998 duximus
1789 3984 1804 4009 ‚
1848 3948 2016 4013 inquit
2033 3982 2050 4009 ,
2091 3947 2178 3997 hss
2216 3960 2379 4013 partes
2401 3986 2418 4012 ,
2461 3953 2575 4014 quin

437 4022 716 4072 habitabant
774 4037 939 4075 tenues
994 4028 1245 4089 homines,
1290 4030 1454 4087 mimi,

1543 4042 1709 4095 postca
1731 4040 1917 4089 auctor,
1933 4030 2019 4078 ubi
2037 4046 2118 4079 eas
2132 4040 2414 4094 pertractat,
2439 4030 2576 4081 illum

434 4101 672 4165 libertini,
693 4115 787 4154 etc.
802 4105 871 4154 ibi
892 4109 1131 4158 nominari
1154 4110 1458 4161 contumeliae
1547 4110 1769 4158 ordinem
1788 4111 2028 4175 sequitur.
2047 4109 2177 4159 Vide
2199 4126 2241 4158 c.
2270 4112 2348 4160 15.
