2982 4682
753 377 758 382 ·
801 380 926 448 AD
971 321 1568 465 HERENNJUM,
1596 379 1885 450 -LlBER
1926 351 2055 463 w,
2103 377 2215 458 44.
2431 381 2571 472 249
2640 337 2645 344 ’

438 529 573 601 pro
607 502 850 572 multis
882 503 1120 597 perire
1153 501 1466 587 malunt,
1516 525 1743 598 quam·
1777 523 1942 570 cum
1980 500 2244 570 multis.
2284 501 2566 571 Etenim

433 611 901 682 vehementer
943 624 1050 680 est
1095 611 1468 706 iniquum,
1523 611 1773 696 vitam,
1822 634 2043 706 quam
2084 635 2121 681 a
2161 625 2415 681 natura
2454 635 2565 682 ac-

433 735 715 817 ceptam
736 735 1039 818 propter
1059 721 1359 817 patriam
1394 723 1925 792 conservaveris
1945 776 1964 808 ‚
2004 734 2303 808 naturae,
2333 745 2563 818 quum

435 846 682 926 cogat,
717 828 1056 916 reddere3
1111 833 1393 927 patriae,
1430 855 1659 927 quum
1707 845 1953 928 roget,
2002 857 2151 901 non
2196 829 2456 917 dare4;
2495 845 2567 901 et

437 965 662 1037 quum
705 943 930 1038 possis
965 963 1142 1010 cum-
1167 964 1446 1010 summa
1499 941 1763 1010 virtute
1813 955 1884 1011 et
1929 939 2211 1011 honore
2253 965 2389 1038 pro
2436 965 2565 1037 pa-

435 1051 576 1118 tria
617 1051 949 1137 interire,
991 1047 1206 1119 malie
1255 1073 1386 1146 per
1430 1049 1746 1122 dedecus
1789 1065 1861 1120 et
1901 1053 2253 1146 ignaviam
2298 1053 2568 1137 vivere;

439 1157 576 1242 et⁵‚
605 1183 832 1255 quum
865 1183 997 1255 pro
1037 1161 1282 1229 amicis
1327 1173 1400 1229 et
1445 1158 1869 1257 parentibus
1908 1175 1978 1230 et
2012 1162 2263 1230 ceteris
2316 1184 2565 1231 neces-

437 1268 636 1337 sariis
695 1266 890 1370 adire
942 1268 1344 1364 periculum
1405 1269 1619 1354 velis,
1658 1293 1793 1366 pro
1841 1269 2256 1367 republica,
2308 1271 2384 1339 in
2422 1296 2567 1366 qua

439 1391 510 1448 et
559 1376 749 1463 haec,
789 1391 862 1447 et
915 1375 1140 1449 illud⁶
1182 1379 1713 1449 sanctissimum
1768 1404 2037 1449 nomen
2088 1381 2337 1478 patrioe
2389 1402 2564 1449 con·

437 1487 834 1574 tinentur⁷‚
867 1486 1058 1557 nolle
1095 1488 1172 1556 in
1205 1487 1590 1564 discrimen
1624 1491 1902 1560 ·ve11ire.
1957 1494 2214 1584 Itaque
2254 1489 2361 1559 uti
2391 1513 2565 1558 con-

439 1597 878 1667 temnendus
918 1610 1060 1681 est,
1107 1599 1236 1693 qui
1284 1599 1358 1668 in
1405 1599 1805 1695 navigando
1859 1623 1970 1686 se,
2017 1623 2233 1696 quam
2290 1602 2572 1683 navim,

439 1707 716 1777 mavult
751 1706 1193 1778 incolumem
1236 1734 1254 1776 ε
1297 1710 1394 1778 ita
1443 1708 1989 1807 vituperanduS,
2034 1711 2163 1807 qui
2204 1711 2277 1779 in
2327 1711 2570 1805 reipu-
2613 1791 2622 1802 ι

423 1813 646 1886 -blicae
687 1814 1134 1903 discrimine,
1180 1842 1326 1888 suae
1379 1818 1575 1916 pluS,
1629 1833 1848 1915 qu'am
1892 1823 2261 1890 communi
2320 1813 2567 1904 salutiss

441 1929 773 2000 consulit.
834 1933 1036 2001 Nave
1081 1933 1272 2001 enim
1326 1929 1575 2021 fracta,
1627 1934 1839 2004 multi
1882 1933 2279 2005 incolumes
2329 1957 2572 2004 evase·

437 2054 654 2108 runt:
695 2063 782 2108 ex
824 2038 1198 2136 naufragio
1257 2043 1507 2137 patriae
1554 2044 1789 2114 salvus
1838 2069 2057 2114 nemo
2113 2058 2351 2140 potest
2401 2068 2571 2114 ena·

441 2163 614 2219 tare.
681 2148 900 2240 Quod
954 2149 1134 2219 mihi
1196 2149 1384 2232 bene
1439 2151 1725 2222 videtur
1774 2154 2037 2223 Decius
2099 2151 2570 2239 intellexisse,

437 2261 565 2356 qui
607 2283 682 2329 se
732 2258 1106 2330 devovisse
1155 2258 1441 2349 dicitur,
1468 2275 1543 2332 et
1594 2286 1727 2359 pro
1760 2261 2163 2359 legionibus
2194 2265 2271 2330 in
2326 2261 2571 2332 hostes

433 2370 806 2439 immisisse
835 2364 1164 2439 medios⁸
1195 2398 1212 2439 ε
1262 2370 1458 2441 unde
1498 2375 1731 2444 amisit
1767 2378 1981 2443 vitam
2000 2384 2074 2459 9;
2116 2388 2186 2442 at
2224 2396 2372 2441 non
2408 2396 2566 2468 per-

435 2478 660 2549 didit:
699 2504 778 2549 re
815 2480 1010 2549 enim
1035 2480 1374 2551 vilissima
1411 2496 1718 2570 certam,
1756 2496 1827 2554 et
1856 2490 2157 2581 parva¹⁰
2185 2482 2565 2551 maximam

433 2590 755 2661 redemit.
779 2588 999 2660 Dedit
1021 2594 1276 2678 vitam,
1295 2597 1577 2688 accepit
1602 2590 1901 2690 patriam
1926 2621 1941 2662 ε
1974 2594 2210 2662 amisit
2232 2593 2567 2678 animam,

433 2703 708 2797 potitus
745 2714 856 2769 est
890 2699 1328 2798 gloria‚quae
1359 2726 1525 2772 cum
1562 2730 1836 2775 summa
1872 2703 2082 2775 laude
2116 2704 2401 2802 prodita
2439 2726 2565 2773 ve-

504 2846 552 2892 4.
593 2840 956 2905 Esn‘niqtmm,
997 2843 1183 2890 vitam.
1205 2876 1220 2890 .
1239 2876 1254 2891 .
1304 2854 1454 2891 naeu·
1547 2846 1597 2893 in
1626 2847 1780 2895 hostes
1817 2847 1894 2896 ed.
1925 2847 2059 2895 Med.
2088 2848 2241 2910 1498.
2264 2831 2471 2897 Schiitz.⁸
2492 2844 2565 2893 ἰη-

433 2937 524 2971 m.
539 2956 554 2969 .
570 2955 584 2967 .
622 2920 822 2969 reddere
835 2939 856 2977 ‚⁰
873 2920 1074 2984 patria.
1097 2956 1111 2969 .
1132 2956 1146 2969 .
1191 2938 1290 2969 non
1314 2924 1455 2973 dare.
1544 2925 1712 2973 tulisse
1732 2941 1759 2971 e
1781 2925 1898 2973 cod.
1922 2924 2060 2974 Leid.
2090 2941 2139 2974 α.

431 3001 606 3047 Monet
621 3000 890 3047 Wetmlius
906 3000 1127 3047 similiter
1151 3000 1290 3063 loqui
1305 3002 1456 3050 solere

435 3078 694 3127 boen-ntem
713 3112 727 3134 ‚
754 3094 856 3141 quo
882 3079 1062 3125 scimus
1090 3080 1376 3129 Ciceronem
1405 3084 1456 3128 'm

430 3158 602 3219 primis
633 3156 862 3219 gaudere.
891 3182 960 3193 ——
987 3159 1198 3221 Propter
1221 3159 1456 3223 patricam.

431 3238 494 3283 H.
515 3251 558 3283 e.
582 3235 753 3298 patriae
769 3250 995 3283 munere.

501 3322 553 3368 5.
581 3324 665 3369 Et.
687 3320 840 3369 Abest
863 3330 913 3367 et
936 3321 1000 3368 ab
1027 3320 1106 3369 ed.
1125 3320 1263 3371 Med.
1294 3325 1452 3385 1498,

431 3414 542 3461 qua
563 3416 712 3462 qmem
736 3400 904 3462 posuit
925 3410 1038 3447 ante
1055 3400 1196 3447 velis.

500 3479 550 3525 6.
579 3480 636 3524 In
661 3494 760 3541 qna
774 3488 822 3525 et
839 3478 973 3540 koee,
999 3490 1047 3525 ee
1071 3478 1206 3527 illud.
1222 3480 1338 3526 Hoee
1361 3480 1452 3528 int.

429 3568 668 3621 parentes,
683 3557 843 3617 liberi,
863 3558 1117 3620 conjuges,
1138 3568 1234 3606 ete.
1255 3558 1454 3605 Senten-

428 3636 496 3683 tia
515 3646 588 3683 est
615 3636 755 3683 valde
777 3638 952 3684 usitata
971 3637 1244 3684 Veteribus.
1266 3640 1324 3685 In
1350 3636 1454 3689 vul,-

335 3759 343 3767 ,
426 3715 550 3778 gatis
567 3724 644 3763 est
666 3714 758 3762 boc
771 3733 790 3763 .-
807 3716 893 3763 ued
912 3715 1035 3764 illud
1053 3716 1172 3763 boni
1192 3714 1389 3763 codices
1405 3725 1454 3764 et

428 3794 504 3842 ed.
537 3800 672 3861 1474
691 3794 891 3842 habent.
919 3796 1136 3843 Eurwr.

499 3888 548 3931 7.
571 3873 912 3921 Continentur.
936 3873 1223 3921 concinetur
1239 3874 1320 3923 ed.
1341 3872 1454 3922 Me-

425 3948 548 3997 diol.
589 3953 751 4013 ¹⁴9⁸,
795 3952 990 4000 Gruter.
1027 3952 1159 4016 apud
1195 3968 1326 4016 quos
1354 3963 1454 4001 erat

427 4027 524 4075 hoc
541 4044 636 4093 pro
655 4028 781 4077 lcoee.

501 4108 552 4155 8.
581 4108 641 4155 In
684 4108 844 4156 hostes
878 4108 1123 4157 immisisse
1150 4110 1364 4161 medios..
1391 4112 1452 4157 Se

1618 3020 1669 3067 9.
1704 3003 1843 3051 Unde
1872 3002 2035 3052 amisit
2049 3003 2224 3051 vitam.
2245 3000 2459 3052 Restitui
2476 3020 2568 3051 un·

1526 3082 1641 3139 de,
1666 3082 1801 3145 quod
1830 3094 1891 3151 ⁴et
1928 3084 2099 3147 scripti
2144 3100 2483 3148 poene·omne⁸
2519 3094 2569 3132 et

1545 3161 1659 3210 edd.
1682 3176 1757 3225 pr.
1784 3162 1980 3211 habent.
2018 3164 2244 3228 Abrupta
2278 3166 2439 3212 oratio
2465 3180 2567 3213 non

1544 3240 1775 3288 convenit
1800 3240 1917 3289 huic
1940 3242 2066 3291 loco.
2100 3246 2316 3291 Ennea-r.

1620 3336 1697 3369 10.
1744 3323 1814 3369 Ro
1852 3322 1979 3369 enim
2020 3322 2258 3369 viIissima
2283 3335 2463 3371 ceream
2482 3356 2497 3381 ,
2520 3334 2569 3371 ee

1534 3416 1699 3463 parva
1728 3401 2019 3451 maximam.
2044 3402 2125 3450 Sic
2151 3418 2263 3451 enm
2296 3403 2493 3451 Graevio
2520 3412 2569 3449 et

1542 3479 1771 3527 Oudend.
1797 3496 1824 3527 e
1849 3478 1989 3527 libris
2006 3482 2207 3544 optimis
2224 3481 2452 3546 rescripsi
2473 3496 2567 3546 pro

1543 3558 1679 3621 vulg.
1708 3576 1786 3607 «r.
1810 3576 1854 3608 e.
1876 3560 2104 3607 vilissima
2128 3570 2177 3607 et
2200 3576 2438 3625 perparva
2463 3576 2567 3607 ma-

1542 3638 1760 3684 xiunamn
1781 3674 1796 3697 ,
1826 3652 1883 3686 ut
1924 3650 1975 3687 et
2000 3638 2077 3687 ed.
2103 3638 2362 3687 Cratandri
2389 3638 2535 3687 habet
2551 3674 2566 3697 ,

1544 3728 1593 3764 et
1616 3727 1732 3763 nunt
1770 3717 1859 3765 ista
1904 3720 2009 3767 sine
2056 3718 2209 3765 dnbio
2254 3718 2449 3765 meliora
2467 3752 2482 3775 ,
2512 3728 2567 3763 ut

1542 3795 1701 3858 quivis
1720 3796 1899 3844 sentire
1926 3806 2105 3860 potest.
2130 3796 2225 3843 Sed
2248 3807 2408 3842 tamen
2426 3794 2565 3843 vilis-

1542 3874 1670 3922 sima
1696 3886 1745 3922 et
1763 3888 1899 3923 certa
1924 3892 2004 3922 res-
2028 3890 2129 3922 non
2155 3884 2381 3923 accurate
2404 3889 2565 3938 oppo-

1541 3964 1741 4002 nuntur.
1768 3954 1987 4001 Eunt.
2005 3979 2076 3989 —-
2094 3949 2293 4000 Schiitz.
2322 3968 2411 3999 -re
2437 3952 2565 3999 enim

1544 4032 1797 4080 vanissima
1818 4042 2015 4089 certam,
2028 4041 2075 4078 et
2092 4045 2242 4095 parva
2254 4031 2509 4080 maximam
2522 4054 2565 4083 ο.

1541 4111 1623 4159 Sic
1644 4112 1741 4159 vim
1768 4110 2099 4175 oppositionis
2128 4110 2353 4161 servavit.
