2982 4682
493 357 633 440 444
1175 356 1274 423 Μ.
1321 357 1418 424 Τ.’
1453 357 1932 426 CICERONIS

491 478 736 572 itaque
779 473 987 562 fecit;
1037 475 1254 545 armis
1298 491 1370 546 et
1409 476 1945 571 impedimentis
1978 477 2287 565 amissiS,
2356 493 2609 575 praeter

497 597 698 684 spem
738 584 996 655 milites
1032 587 1493 658 conservavit.
1547 594 1937 659 Accusatur
1982 588 2365 680 majestatis
2390 618 2444 659 n.
2486 597 2609 660 In·-

497 697 717 766 currit
764 693 908 766 huc
952 692 1348 766 definitioss.
1401 695 1542 767 Sed
1589 720 1723 767 nos
1766 695 1959 767 hunc
1995 695 2277 784 locum,
2322 695 2413 768 de
2456 722 2609 794 quo

433 850 441 860 -
495 806 844 900 agimus⁷‚
881 803 1436 876 consideremus.

589 920 906 987 Intentio
952 930 1057 986 est
1077 970 1096 1002 ,
1131 946 1165 980 α
1191 919 1354 987 Non
1392 919 1715 1014 oportuit
1754 941 1949 987 arma
1991 931 2063 987 et
2098 914 2611 1014 impedimenta

497 1024 905 1120 relinquere
927 1053 978 1093 ι).
1020 1023 1370 1122 Depulsio
1407 1041 1553 1113 est,
1589 1055 1623 1090 α
1646 1027 1987 1122 Oportuit
2016 1057 2069 1095 n.
2108 1026 2421 1115 Quaestio
2462 1040 2608 1111 est,

500 1163 534 1198 <c
559 1134 1084 1231 Oportueritne
1103 1163 1161 1202 n.
1191 1135 1396 1204 Ratio
1427 1149 1571 1222 est,
1602 1167 1636 1199 α
1661 1135 1923 1204 Milites
1947 1139 2135 1205 enim
2164 1159 2415 1206 omnes
2437 1137 2612 1232 peri·

502 1244 802 1312 issent».
847 1239 1244 1312 infirmatio
1287 1257 1430 1330 est,
1471 1257 1595 1320 aut
1632 1238 2273 1337 conjecturalis⁸,·‹1
2294 1247 2459 1314 Non
2490 1269 2609 1342 pe-

497 1355 779 1422 riissent
798 1377 866 1437 >³3
905 1366 1028 1420 aut
1053 1351 1272 1421 altera
1301 1353 1841 1448 conjecturaIiS,
1864 1384 1904 1442 .“
1926 1357 2087 1425 Non
2122 1352 2287 1423 ideo
2314 1351 2605 1422 fecisti».

498 1465 602 1530 Ex
661 1461 929 1557 quibus
987 1475 1158 1531 sunt
1209 1460 1721 1556 judicationeS,
1780 1491 1814 1526 α
1861 1464 2333 1534 Periissentne
2370 1489 2449 1546 »3
2496 1476 2609 1546 et,

499 1568 818 1640 «Ideone
856 1568 1196 1656 fecerit»;
1239 1587 1363 1643 aut
1411 1572 1559 1642 haec
1601 1573 2118 1668 comparativa,
2162 1571 2370 1666 cujus
2419 1593 2611 1640 nunc

499 1677 940 1776 indigemus,
975 1711 1008 1746 α
1031 1685 1123 1751 At
1181 1686 1376 1753 enim
1439 1683 1659 1752 satius
1728 1679 1867 1751 fuit
1932 1683 2259 1751 amittere
2320 1679 2613 1760 militm,

500 1813 719 1885 quam
757 1815 953 1861 arma
990 1807 1062 1861 et
1097 1791 1617 1890 impedimenta
1660 1789 1989 1861 hostibus
2024 1787 2485 1861 concedere».
2511 1792 2613 1856 Ex

499 1923 644 1997 qua
673 1899 1019 1993 judicatio
1045 1902 1360 1972 nascitur
1377 1956 1397 1988 ,
1419 1931 1462 1994 ,α
1486 1903 1731 1990 Quum
1761 1923 2014 1970 ornnes
2036 1899 2341 1996 perituri
2361 1897 2617 1967 milites

503 2024 773 2095 essent,
814 2013 950 2081 nisi
1005 2009 1098 2082 ad
1157 2011 1346 2081 hanc
1405 2013 1813 2108 pactionem
1878 2009 2327 2091 venissent9,
2372 2019 2615 2076 utrum

503 2123 722 2190 satius
766 2118 983 2191 fuerit
1029 2123 1356 2192 amittere
1415 2120 1721 2206 milites,
1777 2143 1866 2190 an
1917 2117 2005 2188 ad
2044 2115 2230 2188 hanc
2270 2113 2618 2187 conditio·

505 2253 670 2299 nem
710 2253 956 2300 ventre
987 2259 1044 2299 n.

600 2337 828 2435 (Ην.)
853 2344 1007 2411 Hoc
1034 2358 1262 2411 causae
1292 2364 1522 2437 genus
1550 2364 1639 2411 ex
1662 2339 1775 2411 his
1804 2338 1977 2449 locis
1994 2350 2058 2384 ¹⁰
2088 2352 2389 2409 tractare
2408 2358 2620 2433 opor-

569 2580 623 2627 6.
667 2578 882 2627 Inerat-rie
911 2576 1005 2625 hue
1039 2576 1273 2646 definitio.
1321 2576 1381 2625 Id
1415 2586 1521 2637 est,

501 2670 666 2724 potest
685 2659 769 2707 hic
796 2658 940 2707 etiam
969 2656 1322 2729 constitutione
1349 2654 1522 2704 defiui-

503 2743 602 2788 tiva
630 2749 796 2787 orator
820 2737 910 2784 uti.
943 2728 1055 2783 Post
1088 2736 1193 2783 haec
1223 2734 1372 2783 verba
1403 2734 1523 2783 olim
1562 2775 1566 2779 .

499 2822 554 2868 in
592 2816 881 2883 quibusdam
913 2814 1027 2863 edd.
1065 2826 1122 2862 ut
1153 2814 1342 2862 Victor.
1373 2812 1545 2861 adde·-

503 2898 683 2946 bantur
703 2898 794 2944 ista
817 2910 831 2944 t
851 2917 876 2937 e·
895 2894 1015 2957 quid
1033 2894 1098 2941 sit
1110 2892 1288 2941 ledere
1298 2894 1523 2953 majesta-

503 2988 602 3023 tem
623 2998 647 3016 ιο
663 3010 678 3033 ,
697 2976 748 3022 in
767 2974 946 3037 quibus
965 2983 1093 3021 recte
1111 2971 1375 3041 Lambinus
1393 2971 1522 3035 glos·

503 3054 675 3102 satoris
730 3070 928 3101 manum
973 3053 1170 3113 agnovit
1187 3086 1200 3110 ,
1251 3034 1521 3115 prasertim

505 3148 656 3197 quum
671 3131 822 3179 latine
840 3146 943 3179 non
967 3131 1157 3178 dicatur
1183 3150 1206 3173 α
1222 3130 1399 3179 laedere
1417 3144 1520 3177 ma—

501 3215 724 3274 jestatem
737 3231 762 3250 ι·
781 3242 795 3267 ,
817 3208 903 3257 sed
922 3230 944 3251 ιι
961 3210 1175 3256 minuere
1187 3231 1233 3257 ι.
1257 3210 1373 3255 Scu.

579 3309 630 3353 7.
658 3287 882 3355 Agimus.
907 3286 1104 3335 Lallem.
1131 3284 1314 3351 agitur.

579 3372 606 3419 8
619 3406 630 3418 .
655 3371 758 3417 Aut
775 3364 1130 3432 conjecturalis.
1149 3366 1368 3416 Lambin.
1392 3386 1412 3408 ι
1433 3376 1521 3414 aut

503 3452 610 3499 haec
655 3448 996 3511 conjecturalis
1023 3468 1066 3493 ι.
1112 3445 1208 3495 Sed
1250 3461 1526 3511 pronomen

503 3531 584 3579 hic
633 3530 808 3577 rectius
851 3526 1108 3575 omittitur.
1154 3528 1304 3574 Secus
1352 3536 1426 3573 est
1471 3526 1527 3573 in

505 3611 660 3661 altem
687 3607 905 3656 membro
934 3619 948 3653 ε
983 3627 1009 3647 α
1029 3614 1112 3652 aut
1136 3606 1240 3652 haec
1273 3620 1524 3669 compara·

507 3690 607 3737 tiva
627 3704 686 3751 ις
726 3686 796 3733 ibi
833 3684 962 3733 enim
997 3682 1259 3745 respondet
1288 3697 1302 3730 τ
1339 3704 1366 3725 ιι
1385 3683 1525 3745 cuiue

510 3758 640 3817 nunc
667 3765 940 3828 indigemus
960 3785 1001 3812 ι.
1029 3764 1144 3831 Squ.

580 3865 635 3909 9.
671 3842 754 3895 Ad
787 3843 917 3892 Itane
949 3842 1226 3907 pactionem
1260 3840 1522 3891 venissent.

509 3924 703 3977 Schiitz.
730 3924 812 3971 dat
837 3944 862 3966 ιι
882 3922 947 3971 ad
976 3922 1104 3970 hanc
1137 3921 1414 3986 pactionem
1439 3936 1529 3966 ve-

510 4005 659 4051 uiuet
675 4023 720 4051 ι.
746 4004 777 4050 J
781 4018 889 4063 ure,
929 4001 1118 4064 inquit,
1159 3998 1412 4048 venissent
1434 3998 1527 4045 im·

509 4080 732 4141 probavit
749 4079 1029 4126 Gronovius
1040 4113 1055 4138 ,
1071 4093 1220 4140 quum
1241 4076 1344 4125 hac
1361 4075 1527 4141 pactio

1610 2576 1817 2625 militum
1844 2591 1949 2624 non
1978 2575 2159 2634 suerit,
2192 2586 2349 2637 neque
2372 2571 2425 2619 hi
2458 2586 2511 2619 ae
2530 2586 2617 2617 ex·

1610 2664 1782 2703 cuaent
1806 2654 1867 2702 de
1894 2654 2121 2717 pactione
2141 2650 2347 2717 quadam
2366 2666 2473 2707 sua,
2502 2648 2587 2697 sed
2608 2684 2624 2709 ,

1609 2746 1667 2783 ut
1683 2744 1794 2782 ante
1813 2732 1940 2780 dixit
1952 2767 1965 2789 ,
1986 2734 2089 2797 ipse
2106 2733 2391 2809 imperator:
2415 2728 2625 2791 ideoque

1610 2813 1857 2862 venissem
1873 2809 2130 2875 legendum
2152 2825 2253 2857 esse
2271 2807 2481 2868 conjecit
2500 2822 2513 2854 :
2538 2804 2625 2853 sed

1610 2908 1699 2941 eur
1718 2891 1976 2946 venissem,
1995 2904 2051 2936 ac
2074 2904 2176 2937 non
2194 2886 2359 2951 potius
2378 2884 2625 2933 venunt?

1608 2974 1669 3020 Iu
1690 2968 2075 3035 inclinationibus
2106 2968 2235 3015 enim
2265 2979 2367 3014 non
2390 2980 2499 3011 reus
2523 2964 2627 3027 ipse

1607 3050 1813 3113 loquens
1838 3048 2102 3107 inducitur,
2138 3044 2221 3093 sed
2260 3042 2320 3091 de
2353 3044 2455 3103 eiua
2484 3056 2625 3089 causa

1605 3128 1793 3190 judiees
1816 3138 2099 3192 quaerentes.
2134 3128 2301 3187 Itaque
2326 3131 2443 3186 post
2464 3116 2625 3167 mnis·

1610 3218 1686 3256 set
1714 3205 2083 3269 intelligendum
2122 3214 2197 3251 est
2234 3214 2373 3257 reus,
2410 3208 2466 3245 ut
2500 3212 2544 3246 e.
2583 3212 2627 3243 c.

1610 3302 1718 3351 cap.
1739 3287 1800 3335 31
1822 3300 1835 3333 :
1861 3307 1886 3326 ι
1902 3299 2053 3347 quum
2074 3281 2129 3329 id
2155 3280 2348 3339 feeerit,
2366 3276 2503 3341 quod
2520 3292 2622 3325 non

1606 3366 1880 3431 oportuerit
1895 3398 1910 3423 ,
1930 3374 1979 3410 et
2004 3361 2057 3410 id
2082 3376 2181 3408 nou
2203 3368 2427 3423 oportere
2444 3355 2621 3403 nescie-

1610 3445 1675 3493 rit
1688 3482 1703 3509 ,
1732 3446 1858 3492 sitne
1874 3441 2118 3507 supplicio
2140 3438 2335 3503 dignun!
2359 3458 2383 3479 a·
2402 3436 2535 3499 Ergo
2550 3433 2633 3480 hic

1612 3534 1663 3573 et
1688 3535 1853 3588 postea
1881 3519 2105 3585 rescripsi
2124 3517 2357 3566 venisset.
2380 3516 2497 3563 Seu.

1690 3616 1768 3649 ιο.
1792 3602 1875 3648 Ex
1896 3598 1972 3647 luis
2001 3597 2136 3645 Iocis.
2161 3594 2414 3645 Sehiitzius
2436 3592 2517 3639 dat
2544 3612 2569 3632 .-
2585 3601 2637 3639 et

1612 3698 1673 3729 ex
1706 3682 1806 3728 suis
1839 3679 1962 3727 locis
1976 3699 2018 3725 ιο.
2040 3676 2277 3741 Vulgata,
2305 3672 2464 3735 inquit
2479 3706 2493 3727 ,
2516 3668 2633 3717 obs·

1614 3760 1777 3809 curior
1803 3770 1895 3807 est.
1920 3756 2043 3804 Nam
2067 3756 2265 3819 quinam
2286 3762 2399 3799 sunt
2423 3749 2475 3796 hi
2496 3747 2595 3796 loci
2611 3750 2637 3793 ?

1612 3862 1637 3881 «ι
1656 3841 1729 3887 Ex
1752 3839 1851 3886 suis
1870 3837 1993 3884 locis
2015 3856 2036 3876 ι
2050 3868 2066 3894 ,
2085 3835 2122 3880 i.
2145 3851 2187 3881 e.
2213 3848 2271 3879 ex
2297 3830 2419 3878 locis
2439 3840 2637 3891 compa·

1613 3917 1795 3966 rationi
1826 3913 2068 3981 propriis,
2097 3909 2353 3977 legendum
2390 3922 2493 3955 esee
2522 3920 2635 3969 per-

1616 3996 1819 4061 spicitur
1841 4010 1901 4041 ex
1923 3990 2081 4063 verbis
2096 4023 2111 4049 ,
2135 4003 2243 4052 quae
2268 3984 2391 4033 infra
2418 3997 2635 4045 sequun-

1615 4085 1695 4121 tur
1712 4068 1843 4136 (cap.
1874 4071 1950 4129 15,
1972 4068 2058 4118 uhi
2081 4066 2317 4114 videuot.
2343 4078 2419 4123 ιο,
2440 4062 2640 4110 wetze-
