2982 4682
709 303 836 372 AD
889 304 1484 388 HERENNIUM,
1540 307 1809 374 LIBER
1862 305 2001 386 ΠΙ,
2056 304 2161 387 14.

373 419 548 495 (lum
581 436 727 496 est:
767 425 842 494 in
872 425 1419 504 continuatione
1446 478 1466 508 ‚
1493 423 1798 495 adaucto
1833 423 2295 495 mediocriter
2322 449 2505 496 sono

373 537 608 621 vociS,
641 531 878 605 verbis
910 532 1456 618 continuandis,
1508 559 1755 606 vocem
1800 557 2091 631 quoque
2114 543 2176 580 ¹⁰
2202 535 2508 632 jungere

374 642 746 743 oportebit
771 699 791 730 ,
841 659 911 716 et
950 658 1298 742 torquere
1349 669 1609 717 sonum
1633 687 1669 732 ,-
1696 659 1767 715 et
1809 643 2133 714 celeriter
2167 669 2329 716 cum
2366 645 2506 716 cla-

374 777 580 824 more
638 752 856 824 verba
911 751 1307 840 conficere,
1373 768 1455 824 nt
1509 756 1655 824 vim
1710 750 2101 824 volubilem
2165 757 2512 826 orationis

375 861 790 934 vociferatio
828 864 1180 959 consequi
1219 867 1482 960 possit;
1520 866 1595 933 in
1636 860 2184 952 distributione,
2223 861 2314 934 ab
2353 867 2512 936 imis

375 969 703 1044 faucibus
737 973 1343 1044 exclamationem
1390 997 1609 1068 quam
1664 972 2119 1044 clarissimam
2171 971 2513 1045 adhibere

377 1093 788 1180 oportet¹¹:
830 1097 906 1154 et
957 1097 1312 1180 quantum
1360 1083 1568 1180 spatii
1616 1105 1749 1180 per
1797 1080 2113 1177 singulas
2159 1081 2511 1154 exclama-

375 1194 611 1264 tiones
638 1195 1167 1290 sumpserimus
1185 1246 1204 1276 ,
1235 1207 1517 1262 tantum
1559 1192 1631 1260 in
1654 1191 1933 1288 singula
1960 1192 2331 1263 intervalla
2358 1216 2513 1290 spa·

379 1305 459 1374 tii
499 1325 929 1373 consumere
962 1301 1416 1397 jubemur-12.
1469 1307 1554 1371 In
1590 1298 2305 1398 amplificationibuS,
2345 1327 2514 1373 cum

378 1411 920 1498 cohortatione,
961 1425 1255 1483 utemur
1290 1436 1465 1484 voce
1507 1407 2173 1496 attenuatissima¹³‚
2200 1411 2511 1484 clamore

375 1521 752 1606 leni‚sono
784 1519 1225 1617 aequabili¹⁴,
1247 1519 1935 1591 commutationibus
1960 1519 2267 1611 crebriS,
2296 1525 2513 1596 maxi·

376 1655 495 1702 ma
523 1629 886 1701 celeritate
909 1656 924 1698 :
943 1630 1020 1700 in
1046 1631 1570 1728 conquestione
1586 1644 1877 1701 utemur
1896 1619 2137 1700 voce¹⁵
2153 1629 2512 1730 depressa,

375 1867 464 1918 per
501 1850 886 1904 altercationem,
925 1865 1040 1897 eum
1085 1850 1280 1897 alternis
1319 1851 1394 1897 lo-

375 1943 597 1996 quuntur
627 1941 858 1978 oratores.
885 1931 1013 1976 Eut.
1038 1956 1107 1966 -
1143 1928 1274 1976 Male
1299 1929 1395 1977 hoc

1485 1866 1659 1898 vocem
1678 1883 1692 1906 ‚
1716 1861 1765 1898 et
1791 1848 2221 1899 «exclamationem
2248 1869 2393 1916 quam
2417 1853 2515 1903 cla·

1482 1930 1747 1976 rissimam»
1773 1929 1887 1976 dedi
1904 1945 1917 1978 ε
1933 1929 2071 1994 quod
2097 1947 2172 1978 res
2190 1933 2332 1979 etiam
2350 1937 2512 1998 requi-
2550 1931 2559 1947 '

2374 299 2525 388 145*
2602 341 2611 350 ·

375 2010 596 2075 explieat
641 2008 834 2057 Ernesti
878 2023 968 2072 per
1015 2008 1394 2056 altercationem.

375 2087 574 2135 Oblitus
599 2097 702 2136 erat
725 2098 976 2134 auctorem
999 2096 1246 2141 nostrum,
1276 2084 1396 2149 qnid

375 2165 548 2225 vellet,
574 2166 734 2230 ipsum
760 2164 975 2213 dilucide
1001 2165 1268 2229 explicasse
1290 2180 1397 2229 cap.

379 2248 463 2295 13.
493 2247 610 2294 Seu.

451 2339 532 2375 ιο.
577 2327 754 2373 Vocem
799 2338 991 2389 quoque
1025 2323 1253 2389 jungere.
1314 2323 1394 2371 Sic

371 2404 602 2452 nonnulli
643 2404 768 2451 Mss
790 2439 804 2463 ,
861 2403 1002 2450 etism
1039 2402 1170 2466 Lips.
1199 2412 1246 2449 et
1281 2402 1392 2450 edd.

380 2484 543 2545 1475,
565 2482 704 2532 Med.
741 2479 904 2545 1498,
950 2484 1090 2530 Junt.
1121 2480 1207 2528 Est
1233 2481 1394 2529 couti-

375 2576 528 2609 nuare
544 2595 558 2619 ‚
585 2571 642 2608 nt
669 2561 815 2611 docet
842 2564 1064 2611 Gronov.
1086 2559 1152 2608 ad
1187 2559 1235 2607 h.
1270 2560 1305 2609 l.
1336 2577 1396 2609 ex

371 2640 527 2704 patris
551 2639 694 2687 Obsa.
716 2656 743 2687 2
767 2677 782 2697 ,
809 2642 857 2689 3.
878 2640 1011 2688 Ena.
1037 2666 1106 2676 -—-·
1129 2640 1398 2703 Adaeegem

372 2718 491 2768 Διά.
519 2721 664 2768 Grut.
693 2718 822 2767 Illud
851 2728 1009 2766 autem
1028 2716 1154 2765 bene
1179 2716 1399 2766 defendit

369 2797 608 2845 Graevius.
647 2799 717 2846 Ut
749 2796 896 2844 verba
923 2796 1292 2855 continuantur,
1326 2796 1398 2843 sic

371 2890 476 2923 vox
488 2876 725 2943 jungitur.
743 2878 858 2925 Sca.
878 2902 950 2913 —-
967 2875 1140 2923 Totius
1167 2875 1262 2925 loci
1283 2891 1394 2923 sen-

373 2969 492 3004 sns:
518 2978 544 2997 κ
562 2954 706 3003 verba
752 2955 990 3004 continuo
1035 2953 1396 3017 pronuntianda

372 3032 718 3099 pronuntiabis
738 3048 861 3081 voce
885 3032 1058 3091 celet-53
1078 3032 1150 3079 sic
1177 3033 1306 3080 enim
1325 3035 1398 3081 vis

375 3113 599 3161 oratione
635 3106 974 3176 exprimenda,
1001 3109 1202 3176 paribus
1228 3113 1398 3176 gressi-

373 3190 470 3240 bns
491 3189 684 3240 incedet
709 3206 822 3239 eum
845 3205 969 3238 voce
995 3206 1096 3237 non
1122 3191 1283 3238 minus
1319 3207 1397 3239 ee-

373 3272 466 3319 leri
484 3294 524 3319 ι.
552 3272 798 3335 Torquet-e
823 3270 975 3333 igitur
988 3285 1160 3317 somam
1177 3269 1308 3317 idem
1326 3280 1400 3319 est

375 3368 433 3399 ae
487 3351 624 3415 quod
673 3351 894 3415 sequitur
911 3386 926 3409 ‚
983 3348 1202 3398 celeriter
1253 3348 1398 3399 verba

375 3430 617 3479 conficere
639 3464 656 3489 ‚
699 3430 982 3494 metaphora
1029 3428 1180 3478 ducta
1227 3444 1255 3476 a
1298 3428 1416 3477 telo-

375 3507 514 3571 quod
558 3518 818 3571 torquetur
831 3542 845 3566 ,
880 3507 914 3554 i.
961 3523 1004 3553 e.
1039 3520 1150 3553 enm
1187 3505 1398 3570 impetu,

373 3587 588 3650 indeque
606 3586 828 3635 celeriter
840 3584 1038 3647 jacitur.
1048 3584 1224 3632 Warz.

455 3681 475 3711 r
491 3680 538 3714 1.
577 3666 654 3714 Ab
689 3664 798 3713 ienis
813 3662 1052 3729 faucibus
1080 3661 1402 3711 exclamatio·

375 3760 486 3791 nem
501 3758 652 3805 quam
679 3743 996 3791 clarissimam
1016 3740 1247 3789 adhibere
1267 3758 1406 3807 οροιι

375 3834 459 3871 eet.
485 3821 566 3870 Sic
599 3820 794 3870 Schiitz.
820 3832 869 3869 et
890 3820 1078 3869 Ernesti
1093 3835 1188 3884 pro
1211 3820 1403 3887 vulgato

376 3924 400 3943 a
415 3915 584 3949 vocem
604 3898 665 3947 ab
685 3901 794 3961 imis
811 3900 1034 3947 faucibus
1055 3898 1404 3948 exclamatione

374 3994 520 4043 quam
539 3978 800 4027 clarissima
822 3978 938 4027 mlh.
958 3994 1044 4043 op.
1059 4000 1084 4019 n
1107 3978 1278 4026 Delevi
1296 4013 1310 4038 ,
1329 3979 1406 4027 in·

373 4058 485 4124 quit
515 4057 703 4107 Ernest.
741 4074 855 4106 eum
879 4058 1078 4106 Groevio
1106 4073 1133 4106 e
1156 4057 1274 4107 eod.
1303 4058 1409 4107 Etr.

525 4150 581 4215 Ῑ.
638 4162 728 4207 cta
746 4176 855 4223 pan
877 4160 1042 4223 prinu.

1484 2009 1568 2057 rit.
1602 2011 1660 2056 ln
1689 2007 1884 2072 vulgata
1908 2023 2077 2057 seusus
2101 2011 2389 2059 commodus
2408 2030 2511 2062 non

1485 2097 1575 2136 est.
1610 2113 1679 2124 —
1704 2086 1908 2136 Wetzel.
1952 2088 2193 2151 vulgatam
2236 2100 2430 2140 tuetur:
2458 2093 2513 2140 in

1483 2164 1831 2214 distributione
1848 2201 1864 2227 ‚
1902 2166 2065 2228 inquit
2084 2200 2098 2224 ,
2137 2177 2335 2230 oportet
2374 2167 2515 2215 adhi-

1481 2243 1597 2292 bere
1620 2259 1788 2292 vocem
1820 2243 1883 2293 ab
1907 2243 2017 2292 imis
2056 2245 2278 2294 faucibus
2316 2247 2509 2295 ductam

1483 2323 1832 2373 exclamatione
1878 2322 2139 2373 clarissima
2158 2360 2174 2384 ,
2224 2335 2282 2373 ut
2332 2341 2509 2390 snpra:

1483 2404 1590 2452 «uti
1616 2418 1741 2451 voce
1764 2402 1924 2451 sedata
1942 2439 1956 2463 ,
1978 2402 2137 2469 plenia
2162 2404 2419 2453 faucibus»
2434 2440 2448 2455 .

1563 2497 1641 2531 ra.
1668 2481 1912 2531 labemur.
1942 2482 2037 2531 Int.
2067 2498 2095 2529 a
2120 2484 2361 2547 magistris
2391 2486 2509 2532 artis

1483 2559 1697 2608 dicendi.
1726 2560 1821 2608 Sed
1848 2560 2030 2609 Noster
2053 2575 2199 2624 snpra
2236 2560 2387 2621 dixit,
2424 2578 2508 2611 eos

1483 2654 1585 2685 non
1607 2640 1866 2703 precipere
1884 2638 2141 2701 diligenter
2157 2639 2217 2687 de
2234 2641 2385 2689 modo
2399 2658 2510 2705 pm-

1483 2716 1759 2766 nuntiandi.
1785 2718 1955 2780 Itaque
1982 2716 2231 2765 blanditur
2250 2718 2399 2767 lectio
2418 2722 2508 2769 Ms

1484 2796 1619 2845 cort.
1635 2795 1865 2863 jubemus
1884 2830 1899 2855 ,
1926 2795 2023 2843 nisi
2044 2805 2199 2843 totum
2216 2798 2421 2847 verbum
2438 2799 2509 2847 fa·-

1485 2886 1619 2922 ctum
1646 2884 1719 2921 est
1748 2890 1775 2921 e
1801 2873 2043 2923 debemus.
2082 2876 2205 2923 Nam
2240 2877 2329 2923 etsi
2364 2878 2507 2925 etiam

1483 2954 1699 3017 magistri
1725 2954 1901 3001 artium
1925 2952 2158 3002 dicuntur
2177 2952 2355 3019 jubere
2376 2957 2510 3021 apttd

1485 3032 1769 3081 Ciceronem
1792 3048 1805 3079 ε
1832 3044 1989 3079 tamen
2017 3032 2220 3092 Noster,
2246 3034 2381 3097 quod
2418 3034 2511 3083 ob·

1483 3111 1711 3159 servarim
1728 3144 1743 3167 ,
1772 3125 2033 3172 numquam
2063 3110 2177 3158 hoe'
2188 3110 2339 3159 verbo
2360 3111 2421 3161 de
2446 3113 2508 3160 iis

1485 3190 1653 3238 utitur.
1691 3190 1911 3239 Esnnr.
1936 3214 2009 3227 --
2043 3187 2239 3241 Schiitz.
2276 3186 2507 3239 debemus

1484 3269 1776 3317 auctoritate
1799 3267 2029 3317 inductus
2050 3269 2275 3317 Emestii.
2495 3256 2503 3263 ⁵

1566 3344 1643 3397 ι3.
1705 3350 1837 3395 Voce
1892 3348 2304 3397 attenuatisu'ma.
2348 3348 2506 3396 Palat.

1487 3436 1689 3489 quartus
1714 3436 1763 3473 et
1799 3436 1923 3473 sext.
1952 3426 2277 3473 attentissima
2294 3459 2311 3485 ,
2352 3441 2512 3489 nequa

1486 3504 1629 3552 aliter
1656 3504 1961 3552 bruilerenae
1988 3503 2250 3569 exemplar.
2278 3505 2443 3552 Gaur-

1567 3591 1649 3640 14.
1677 3584 1804 3630 Seno
1832 3582 2083 3646 aquabili.
2113 3584 2193 3631 Sic
2225 3584 2350 3632 Mss
2377 3582 2509 3647 apud

1489 3660 1623 3711 ond.
1654 3663 1807 3709 nostri
1835 3671 1887 3708 et
1906 3660 2019 3709 edd.
2045 3678 2120 3724 pr.
2146 3673 2323 3726 prieter
2354 3669 2509 3719 1474.

1491 3739 1643 3803 Vulg.
1668 3739 1883 3803 aequali,
1911 3750 1965 3786 ut
1984 3740 2239 3789 Gruterus.
2262 3742 2477 3787 Baras-r.

1569 3820 1651 3881 15.
1682 3820 1741 3865 In
1772 3816 2116 3882 conquestione
2154 3831 2348 3866 utemur
2388 3832 2517 3863 voce

1494 3898 1733 3963 depressa.
1770 3899 1967 3945 Utemur
2004 3897 2141 3945 abest
2178 3912 2205 3943 a
2242 3896 2333 3944 Ms
2376 3896 2515 3943 Cort.

1495 3978 1652 4036 bene,
1684 3986 1739 4025 ut
1766 3974 1993 4023 arbitror.
2020 3977 2089 4023 Ea
2118 3991 2217 4024 vox
2248 3973 2411 4023 addita
2445 3984 2519 4027 est

1497 4068 1697 4121 propter
1736 4054 2209 4119 interpunctionem,
2236 4068 2344 4117 qun
2368 4053 2421 4103 in
2455 4052 2519 4103 ti-

2242 4164 2327 4213 ¹0
