2982 4682
512 347 659 436 [μθ
1196 347 1293 416 Μ.
1344 349 1421 414 T.
1474 344 1960 416 clcmoms
2001 329 2016 342 ‘

512 503 545 538 α
570 476 705 557 Ut,
758 471 817 540 si
862 467 1153 538 avaritia
1202 465 1584 538 inductum
1621 491 1874 565 arguas
1911 464 2196 556 fecisse,
2235 479 2312 538 et
2343 489 2642 539 avarum

512 603 717 662 eum,
760 602 979 676 quem
1022 573 1397 664 accusoe3,
1436 575 1934 648 demonstrare
1969 601 2122 646 non
2165 578 2436 674 possi53
2491 578 2641 647 aliis

514 688 803 760 affinem
836 712 989 758 esse
1021 687 1213 756 vitiis
1250 684 1548 773 doceas»,
1597 701 1672 756 et
1703 711 1792 756 ex
1823 709 1908 756 ea
1951 697 2079 757 re9
2115 712 2268 756 non
2305 712 2462 758 esse
2507 689 2644 756 mi·

514 798 859 884 randum,
908 799 1037 893 qui
1074 798 1151 864 in
1196 795 1321 866 illa
1352 819 1431 866 re
1476 796 1750 892 turpis,
1797 808 1921 864 aut
1965 795 2306 892 cupidus,
2349 811 2474 866 aut
2511 820 2638 893 pe·

510 910 749 980 tulans
788 906 1035 992 fuerit,
1092 906 1226 976 hac
1270 929 1570 1002 quoque
1613 907 1687 975 in
1735 931 1814 975 re
1863 927 2030 974 eum
2075 903 2462 1001 deliquisse
2485 917 2550 950 ¹⁰
2577 937 2634 974 n.

510 1021 881 1110 Quantum
916 1018 1111 1087 enim
1148 1013 1239 1086 de
1272 1007 1654 1086 honestate
1695 1027 1768 1085 et
1804 1017 2224 1084 auctoritate
2266 1015 2464 1108 eju5‚
2512 1019 2640 1112 qui

509 1129 866 1223 arguitur,
920 1123 1325 1196 detractum
1376 1138 1522 1209 est,
1589 1120 2036 1194 tantumdem
2065 1131 2118 1165 ¹¹
2165 1122 2256 1194 de
2304 1121 2640 1194 facultate

508 1237 731 1306 totius
768 1249 875 1304 est
914 1230 1355 1304 defensionis
1388 1231 1870 1302 deminutum.
1911 1232 1983 1302 si
2027 1230 2208 1302 nulli
2245 1231 2482 1302 affinis
2513 1257 2640 1330 po-

508 1344 679 1414 terit
727 1343 903 1413 vitio
962 1365 1129 1410 reus
1172 1354 1340 1410 ante
1395 1340 1708 1411 admisso
1733 1351 1790 1384 ¹²
1863 1341 2377 1429 demonstrari3
2435 1341 2640 1414 locus

510 1453 899 1522 inducetur
930 1449 1091 1534 ille,
1120 1450 1255 1546 pei·
1291 1473 1512 1545 quem
1557 1448 1896 1521 hortandi
1929 1448 2213 1545 judices
2255 1465 2507 1538 erunt,
2555 1466 2642 1522 ut

510 1575 825 1632 veterem
868 1557 1127 1628 famam
1171 1557 1485 1632 hominis
1536 1559 1717 1629 nihil
1761 1559 1854 1630 ad
1903 1584 2060 1631 rem
2105 1575 2366 1658 putent
2415 1563 2642 1658 perti-

508 1695 701 1740 nere.
740 1672 923 1740 Nam
956 1691 1123 1738 eum
1155 1684 1321 1738 ante
1369 1668 1666 1754 celasse,
1715 1693 1915 1741 nunc
1945 1668 2325 1742 manifesto
2364 1675 2635 1758 teneri3

510 1803 735 1877 quare
774 1803 927 1850 non
960 1792 1297 1875 oportere
1340 1777 1532 1848 hanc
1573 1803 1726 1849 rem
1766 1803 1855 1850 ex
1901 1779 2259 1875 superiori
2293 1780 2439 1849 vita
2471 1803 2636 1878 spe-

510 1894 687 1962 ctari
706 1943 725 1976 ‚
767 1889 895 1962 sed
926 1889 1375 1985 superiorem
1407 1891 1628 1958 vitam
1673 1913 1766 1960 ex
1797 1888 1932 1960 hac
1965 1913 2044 1960 re
2085 1888 2516 1986 improbari,
2565 1906 2638 1962 et

510 2017 638 2073 aut
663 2015 1091 2099 potestatem
1123 2012 1291 2070 ante
1322 1999 1666 2097 peccandi
1691 2023 1846 2070 non
1873 1997 2092 2070 fuisse
2111 2053 2130 2087 ,
2161 2015 2288 2070 aut
2311 2023 2634 2084 causam;

508 2125 667 2195 aut,
714 2110 773 2181 si
810 2109 961 2180 haec
1001 2107 1143 2180 dici
1182 2134 1336 2179 non
1372 2123 1759 2206 poterunt,
1825 2098 2215 2179 dicendum
2271 2111 2408 2179 erit
2457 2106 2636 2180 illud

508 2235 955 2303 extremum,
1017 2243 1165 2289 non
1212 2241 1365 2289 esse
1404 2219 1709 2301 mirum,
1759 2219 1818 2288 si
1855 2242 2052 2289 nunc
2096 2219 2414 2315 primum
2458 2218 2634 2290 deli-

508 2334 767 2429 querit.
798 2332 981 2429 Nam
1032 2352 1323 2401 necesse
1376 2323 1602 2416 est¹³‚
1641 2352 1843 2415 eum,
1895 2328 2026 2425 qui
2080 2328 2252 2399 velit
2299 2352 2634 2425 peccare,

504 2440 897 2539 aliquando
924 2441 1239 2537 primum
1274 2437 1720 2537 delinquere.
1755 2440 1878 2509 Sin
1915 2443 2057 2509 vita
2087 2453 2410 2511 anteacta
2435 2442 2634 2537 igno-

508 2552 807 2637 rabitur,
849 2548 993 2619 hoc
1030 2548 1193 2620 loco
1232 2550 1629 2646 praeterite,
1684 2562 1756 2619 et
1801 2572 1933 2619 cur
1977 2562 2471 2647 praetereatur,
2509 2550 2633 2621 de-

508 2675 943 2747 monstram,
992 2661 1432 2755 argumentis
1478 2661 2006 2731 accusationem
2073 2659 2310 2727 statim
2367 2659 2630 2731 confir-

504 2797 701 2843 mare
732 2768 1121 2867 oportebit.
1501 2770 1511 2778 '

602 2886 725 2953 XI.
761 2881 921 2977 (x1.)
956 2877 1314 2950 Defensor
1340 2893 1580 2949 autem
1607 2878 1918 2975 primum
1939 2932 1958 2964 ‚
1990 2879 2048 2947 si
2081 2878 2382 2976 poterit,
2419 2876 2633 2949 debe-

507 2992 615 3063 bit
658 2993 873 3061 vitam
917 2990 1106 3085 ejus,
1162 2992 1290 3085 qui
1328 2987 1898 3075 insimulabitur,
1954 3012 2170 3086 quam
2222 2988 2632 3059 honestissi-

576 3195 626 3243 8.
652 3196 883 3241 Aecuses.
922 3193 1141 3239 Accusas
1183 3189 1295 3239 cod.
1341 3190 1524 3240 Altorf.
1614 3212 1640 3231 σ-
1661 3189 1961 3239 tantumdem
1986 3191 2031 3239 ei
2049 3191 2110 3239 de
2135 3192 2228 3239 sac.
2245 3200 2476 3239 »auctore
2491 3190 2632 3241 Oud.

470 3324 477 3331 ,
505 3276 624 3323 Sca.
654 3288 723 3309 —d-
751 3273 826 3318 De
852 3287 903 3318 re
926 3272 993 3319 cf.
1023 3274 1139 3318 Hor.
1159 3272 1230 3325 Π,
1264 3271 1311 3317 3.
1615 3270 1699 3335 qui
1725 3268 1772 3316 ei
1794 3271 1974 3335 reperit
2000 3271 2054 3317 in
2078 3271 2179 3317 suis
2200 3269 2348 3317 codd.

573 3368 625 3413 9.
654 3340 738 3397 Ea'·
772 3364 833 3395 ea
872 3364 941 3397 re.
968 3344 1225 3394 Scbiitzius
1249 3362 1309 3393 ea
1338 3364 1390 3395 re
1413 3364 1528 3397 cum
1692 3365 1772 3397 η.
1813 3352 1938 3395 Reus
1979 3359 2098 3396 ante
2131 3348 2368 3396 admisso.
2391 3347 2632 3397 Videntur

504 3430 615 3479 cod.
643 3425 781 3475 Leid.
815 3442 862 3473 ι.
1608 3426 1714 3475 haec
1760 3444 1862 3475 esse
1900 3444 1925 3475 a
1969 3444 2116 3475 manu
2153 3429 2320 3492 potius
2354 3429 2631 3493 interpretis

577 3525 657 3557 10.
679 3508 800 3553 Eum
828 3502 1103 3569 deliquisse.
1128 3501 1329 3555 Schiitz.
1348 3526 1371 3545 α
1388 3517 1524 3551 eum·
1611 3522 1756 3569 quam
1785 3507 2015 3555 auctoris.
2057 3506 2224 3555 Gau-r.
2258 3532 2328 3543 —
2359 3508 2475 3569 Quo
2514 3523 2629 3555 nua-

502 3588 613 3639 dem
648 3585 910 3649 deliquisse
932 3606 971 3629 -.
1012 3582 1173 3644 Illud,
1205 3584 1391 3646 inquit,
1421 3584 1522 3645 jam
1613 3583 1758 3631 dente
1782 3581 2040 3633 Schiitzius
2069 3582 2264 3632 delevit.

500 3664 771 3731 Pin-golda·
799 3661 1186 3723 commendavit,
1218 3674 1350 3710 reete
1369 3660 1521 3709 adso·
1689 3662 1771 3711 13.
1802 3664 1932 3711 Nam
1961 3680 2012 3713 n.
2043 3674 2131 3710 est.
2162 3663 2390 3711 Arbitror
2410 3664 2631 3727 scriben-

498 3760 607 3798 0ato
646 3746 761 3793 loco
806 3742 951 3789 simili
990 3738 1053 3787 ad
1082 3741 1299 3790 Herenn.
1343 3744 1417 3798 11,
1448 3743 1478 3789 5
1501 3758 1517 3791 ε
1609 3739 1724 3788 dum
1761 3758 1866 3789 esse
1897 3756 1916 3786 .·
1945 3744 2152 3805 pertinet
2180 3742 2306 3789 enim
2339 3742 2404 3789 ad
2429 3741 2626 3790 firman·

498 3853 523 3871 η
542 3822 718 3875 deinde
733 3822 817 3885 qui
837 3818 959 3869 illud
974 3820 1142 3867 fecerit
1159 3830 1253 3867 tam
1280 3820 1518 3883 nequiter,
1607 3818 1723 3867 dum
1774 3818 1852 3875 id,
1893 3820 2030 3883 qnod
2071 3820 2302 3883 praecedit
2342 3834 2357 3869 ε
2397 3822 2474 3877 sic
2515 3832 2628 3867 ante

496 3905 717 3955 eumdem
760 3901 855 3948 hoc
901 3910 996 3947 tam
1034 3913 1287 3961 perperam
1322 3898 1515 3953 fecisse,
1605 3920 1630 3937 ··
1648 3914 1757 3946 nam
1789 3916 1897 3947 eum
1927 3909 2036 3945 ante
2060 3898 2236 3947 celasse
2259 3922 2302 3957 a,
2322 3911 2368 3947 et
2391 3900 2461 3946 sic
2479 3916 2625 3963 saepe.

494 4002 597 4035 non
624 3997 726 4030 esse
752 3977 1025 4026 mirandum
1058 3996 1099 4023 ι.
1226 4006 1231 4011 -
1468 3992 1475 3999 ·
1609 3979 1734 4031 Ean.
1756 4006 1827 4015 —
1852 3981 1929 4026 Ex
1951 3979 2090 4039 cujus
2115 3982 2346 4025 sententia
2371 3976 2630 4026 Schiitzius

572 4078 649 4109 n.
698 4056 1013 4105 Taneumdem
1068 4054 1130 4101 de
1155 4052 1209 4119 s.
1261 4052 1519 4102 Schiitzius
1607 4057 1820 4119 reposuit
1845 4072 1962 4105 esse.
1978 4055 2106 4102 Vide
2127 4046 2334 4119 Quintil.
2349 4058 2472 4113 vn,
2498 4071 2551 4103 a.
