2982 4682
728 394 1217 465 ORATomAE
1263 390 1898 478 nummum,
1943 395 2055 477 αι..
2309 386 2458 463 603

331 513 1186 598 accommodabunturu,
1240 538 1330 585 ex
1389 512 1676 609 illisque
1731 512 1982 583 iisdem
2039 510 2460 585 inveniendi

330 626 508 697 locis
535 650 766 698 causae
800 648 1077 707 rerum,
1115 638 1187 694 et
1222 638 1552 709 eventus,
1586 636 1660 694 et
1685 626 2202 719 consequentia
2219 628 2462 721 requi-

331 748 607 806 rentur.
642 740 899 831 Neque
938 758 1109 804 vero
1144 754 1337 803 mors
1360 756 1614 813 comm
1637 786 1656 819 ,
1693 754 2012 829 quorum
2053 734 2191 803 vita
2219 734 2462 807 lauda·

330 840 556 928 bitur,
608 843 893 913 silentio
946 844 1286 940 praeteriri
1338 841 1674 927 debebit,
1717 844 1777 913 si
1825 840 2046 912 modo
2085 841 2270 942 quid
2309 846 2448 916 erit

333 952 1045 1025 animadvertendum
1068 1006 1086 1037 ,
1120 966 1241 1023 ant
1278 954 1353 1021 in
1389 954 1550 1050 ipso
1595 974 1858 1049 genere
1897 953 2188 1039 mortis,
2224 964 2347 1023 aut
2385 953 2459 1024 in

330 1064 417 1132 iis
442 1062 696 1151 rebus,
734 1086 897 1161 quae
936 1078 1102 1161 post
1126 1078 1439 1133 mortem
1468 1076 1690 1133 erunt
1729 1075 2219 1157 consequutae.
2263 1092 2282 1107 -

426 1176 681 1244 XXIV.
722 1174 965 1269 (xxiv.)
996 1175 1076 1242 C.
1111 1176 1183 1245 F.
1226 1173 1485 1269 Accepi
1525 1173 1692 1255 ista,
1730 1170 2096 1269 didicique
2123 1170 2464 1262 breviter,

332 1305 485 1351 non
540 1282 775 1353 solum
828 1281 1443 1380 quemadmodum
1513 1280 1872 1353 laudarem
1940 1282 2280 1372 alterum,
2335 1282 2460 1355 sed

328 1392 547 1463 etiam
581 1392 1199 1489 quemadmodum
1243 1384 1585 1478 eniterer,
1633 1406 1717 1463 ut
1759 1416 2048 1491 possem
2099 1395 2254 1491 ipse
2297 1394 2462 1491 jure

332 1502 1043 1575 landari.Videamus
1074 1506 1294 1601 igitur
1320 1502 1698 1601 deinceps,
1735 1507 1813 1573 in
1847 1504 2201 1575 sententia
2231 1500 2464 1575 dicen·

334 1611 423 1682 da
451 1638 667 1709 quam
700 1616 883 1685 viam
913 1630 991 1686 et
1016 1639 1177 1711 quae
1206 1628 1564 1711 praecepta
1591 1629 1982 1687 teneamus.
2009 1617 2210 1685 —C.
2241 1618 2311 1685 P.
2339 1618 2462 1685 Est

334 1724 593 1818 igitur¹
634 1725 707 1793 in
748 1722 1215 1795 deliberando
1246 1723 1431 1815 ,finis
1472 1724 1777 1809 utilitas,
1813 1723 1900 1793 ad
1947 1748 2171 1820 quem
2217 1728 2464 1797 omnia

334 1834 435 1901 ita
490 1830 903 1905 referuntur
956 1836 1030 1905 in
1091 1834 1395 1907 consilio
1445 1832 1732 1921 dando,
1789 1836 2301 1933 sententiaque
2351 1836 2462 1908 di·

338 1942 595 2028 cenda‚
630 1956 713 2011 ut
746 1943 867 2013 ina
915 1944 1143 2041 prima
1194 1944 1339 2013 sint
1392 1944 1707 2028 suasori,
1753 1958 1879 2013 aut
1919 1943 2308 2017 dissuasori
2355 1947 2460 2018 vi-

338 2048 609 2138 denda,
650 2052 824 2148 quid
862 2067 988 2123 aut
1020 2056 1247 2149 possit
1278 2050 1470 2139 fieri,
1503 2066 1630 2125 aut
1661 2075 1814 2125 non
1857 2056 2121 2150 possit,
2165 2070 2236 2125 et
2285 2057 2460 2152 quid

337 2174 462 2231 aut
490 2184 777 2231 necesse
802 2164 922 2249 sit,
954 2176 1076 2233 aut
1108 2186 1259 2233 non
1290 2186 1599 2237 necesse
1624 2166 1802 2234 Nam
1834 2176 1940 2250 et,
1973 2166 2028 2233 si
2057 2162 2236 2260 quid
2272 2164 2461 2237 effici

338 2294 489 2341 non
529 2284 801 2370 potest,
834 2270 1259 2346 deiiberatio
1283 2269 1589 2361 tollitur,
1613 2274 1943 2372 quamvis
1971 2272 2149 2346 utile
2179 2274 2316 2364 sit;
2357 2288 2463 2366 et,

334 2384 395 2450 si
442 2381 619 2479 quid
670 2407 961 2456 necesse
1008 2398 1143 2456 est
1152 2383 1475 2482 (necesse
1508 2399 1752 2456 autem
1807 2384 1876 2455 id
1923 2401 2072 2474 est,
2109 2389 2264 2457 sine
2310 2410 2464 2483 quo

339 2491 509 2562 salvi
544 2491 841 2565 liberive
868 2519 1023 2566 esse
1049 2519 1200 2566 non
1238 2495 1683 2593 possumus),
1725 2495 1798 2566 id
1843 2511 1954 2567 est
1989 2495 2326 2594 reliquiS,
2387 2511 2465 2569 et

338 2600 837 2676 honestatibus
876 2609 953 2676 in
992 2606 1183 2677 civili
1226 2609 1547 2694 ratione,
1599 2621 1672 2678 et
1715 2606 2117 2678 commodis
2159 2623 2462 2707 antepo-

338 2712 681 2788 nendum.
741 2718 985 2806 Quum
1032 2731 1271 2788 autem
1330 2717 1715 2814 quaeritur,
1767 2715 1944 2814 quid
1997 2716 2155 2788 fieri
2203 2719 2472 2816 possit,

336 2821 728 2893 videndum
774 2828 988 2896 etiam
1034 2841 1181 2912 est,
1237 2852 1453 2924 quam
1501 2824 1703 2897 facile
1748 2826 2030 2924 possitt
2083 2853 2249 2898 nam
2299 2855 2462 2926 quae

339 2930 784 3029 perdifficilia
826 2949 1033 3022 sunt,
1083 2935 1386 3033 perinde
1423 2934 1760 3007 habenda
1798 2961 1987 3034 saepe
2027 2937 2232 3026 sunt,
2285 2963 2367 3009 ac
2403 2942 2456 3009 si

340 3041 526 3114 effici
570 3069 721 3114 non
769 3045 1066 3141 possint.
1115 3051 1204 3116 Et
1252 3071 1483 3143 quum
1527 3043 1617 3116 de
1667 3049 2089 3120 necessitate
2131 3047 2461 3124 attende·

335 3175 541 3238 mim,
590 3155 729 3222 etsi
757 3153 1031 3249 aliquid
1072 3179 1223 3225 non
1265 3157 1748 3226 necessarium
1783 3156 2166 3243 videbitur,
2213 3159 2462 3234 viden-

340 3259 513 3332 dum
546 3275 789 3334 tamen
828 3263 998 3354 erit,
1038 3289 1259 3364 quam
1289 3269 1382 3336 sit
1410 3289 1777 3362 magnum.
1813 3267 2030 3357 Quod
2063 3271 2258 3342 enim
2300 3295 2464 3369 per-

336 3373 581 3468 magni
604 3375 905 3446 interest
926 3387 981 3460 ²,
1012 3400 1149 3472 pro
1177 3379 1580 3450 necessario
1606 3401 1798 3474 saepe
1831 3377 2166 3452 habetur.
2209 3386 2463 3478 ltaque

336 3506 568 3580 quum
606 3491 909 3556 'constet
956 3485 1099 3557 hoc
1152 3509 1381 3584 genus
1428 3508 1803 3558 causarum
1867 3513 1955 3561 ex
2009 3493 2344 3563 suasione
2393 3509 2470 3564 et

211 3764 222 3782 =
336 3737 419 3803 ligi
440 3749 607 3804 potent
644 3739 699 3788 in
730 3739 880 3788 verbo
915 3738 1180 3790 ssnseimm.
1218 3743 1911 3793 Enu.XX1V.1.Ese
1931 3742 2095 3809 ἰδίων.
2129 3743 2226 3796 nd.
2247 3747 2378 3798 Vm.
2407 3747 2468 3798 sie

340 3818 622 3867 -Lnnem
646 3818 744 3867 hoc
772 3818 965 3868 ddevit.
1442 3820 1596 3889 igitur
1625 3821 1741 3886 d.s
1777 3839 1828 3871 η.
1867 3823 1942 3870 ad
1973 3841 2038 3888 qu
2040 3840 2150 3881 am,
2195 3826 2330 3890 quod
2359 3843 2468 3876 nou

416 3898 671 3960 12.Quod
694 3914 948 3963 quisque..
962 3934 975 3946 .
1008 3899 1355 3948 accommoda·
1448 3901 1750 3967 displiceret,
1777 3903 1818 3950 si
1851 3913 2134 3967 sequeretur
2171 3903 2272 3968 rese
2273 3917 2465 3956 ramur.

337 3979 421 4025 bu
418 3989 533 4027 mr.
562 3979 635 4026 n·
634 3978 797 4024 imma
818 3987 927 4026 ent
962 3978 1355 4027 momodabi-
1446 3983 1670 4032 Enum-

338 4069 417 4105 την
431 4059 549 4107 :sed
568 4059 819 4124 vulg-mm
834 4059 981 4108 emin
1000 4061 1247 4109 ninevitio
1266 4075 1354 4110 cst.
1517 4079 1570 4110 a.
1597 4063 1858 4127 Pemagm'
1839 4063 1978 4110 avete
1983 4073 2094 4110 rost.
2123 4059 2320 4111 Schiiiz.
2356 4081 2467 4114 cum

334 4138 551 4188 Euam.
572 4167 623 4176 ·-
648 4137 765 4187 Lau.
790 4138 927 4188 dedi-t
952 4155 1067 4204 qua:
1088 4155 1309 4206 quisque.
1444 4141 1538 4189 Ms
1555 4141 1652 4190 Ox.
1671 4136 1720 4204 ψ.
1733 4139 1901 4191 Lamb.
1922 4140 2366 4208 [dl-permagnum
2381 4154 2464 4193 ese.
