2982 4682
530 437 651 486 nv
1160 413 1526 482 ALTERA
1573 392 2046 486 ram-Ano

530 550 667 622 mis
696 563 943 620 tamen
974 551 1419 645 argumentis
1444 545 1626 618 mihi
1664 548 2020 645 persuasit
2057 546 2514 646 Spaldingius
2557 548 2664 621 ibi

530 697 686 747 esse
730 673 1093 744 occultatio
1128 671 1540 769 legendum.
1580 675 1852 745 Contra
1895 670 2088 770 apud
2128 671 2658 763 Quintilianum

524 821 663 896 pro
716 796 1235 868 translationem
1293 792 1596 867 forsitan
1653 798 1916 867 rectius
1983 796 2262 894 legatur
2317 798 2658 898 mitio·

523 946 709 1008 nem,
752 943 973 1017 quam
1026 917 1335 1016 figuram
1377 922 1914 1006 Herennianus,
1969 933 2044 992 et
2087 943 2466 1019 perperam
2509 922 2660 1018 qui·

522 1043 724 1132 dem,
764 1045 841 1114 in
876 1041 1127 1142 figuris
1166 1040 1587 1130 verborum,
1621 1069 1686 1116 c.
1710 1043 1836 1132 25,
1872 1045 2222 1116 nominat.
2259 1047 2484 1116 Porro
2519 1049 2656 1116 He·

519 1170 917 1240 rennianus
942 1163 1167 1238 habet
1200 1171 1670 1256 sententiam,
1710 1171 1835 1255 lv,
1874 1193 1982 1266 17,
2006 1164 2456 1252 membrum,
2479 1169 2654 1238 arti·

521 1291 767 1364 culum
826 1313 886 1362 c.
948 1314 1073 1387 19,
1113 1290 1790 1386 interpretationem
1837 1315 1896 1362 c.
1944 1290 2066 1377 28,
2113 1290 2652 1363 conclusionem

519 1441 583 1490 c.
623 1414 739 1488 30.
776 1419 989 1486 Hunc
1024 1414 1243 1510 igitur
1276 1414 1705 1504 Quintiliani
1732 1413 1974 1486 locum
2011 1412 2244 1486 fateor
2277 1437 2654 1511 argumen-

517 1553 675 1612 tum
694 1538 952 1612 ceteris
981 1536 1326 1608 omnibus
1353 1535 1586 1610 multo
1613 1537 2007 1634 speciosius
2028 1536 2348 1636 praebere
2371 1539 2487 1625 iis,
2521 1538 2650 1635 qui

516 1661 1049 1754 Quintilianum
1070 1713 1091 1748 ,
1142 1659 1271 1732 ubi
1305 1658 1775 1732 Cornificium
1813 1659 2244 1748 laudaverit,
2280 1677 2650 1734 auctorem

516 1784 871 1863 librorum
898 1784 991 1856 ad
1022 1786 1471 1858 Herennium
1511 1783 1954 1882 significasse
1983 1784 2459 1860 contendunt.

610 1939 644 1974 α
666 1913 923 2006 Neque
952 1922 1193 1990 tamen
1226 1907 1379 1980 haec
1420 1910 1670 1979 omnia
1703 1907 2170 1990 Cornificium
2213 1933 2368 1982 esse
2404 1931 2656 1982 verum

512 2031 873 2105 librorum
910 2030 1003 2102 ad
1044 2031 1496 2103 Herennium
1541 2045 1914 2104 auctorem
1972 2030 2492 2108 demonstrant.
2535 2037 2654 2104 Et-

378 2143 383 2148 ’
510 2158 709 2232 enim
769 2156 1261 2248 Quintilianus
1324 2179 1477 2227 non
1544 2157 1784 2228 minus
1857 2179 2096 2230 errare
2165 2157 2452 2254 potuit,
2518 2156 2652 2228 hos

511 2280 743 2365 libros
777 2275 1169 2361 Cornificio
1215 2278 1584 2367 tribuens,
1649 2303 1870 2379 quam
1919 2281 2319 2353 Priscianus
2363 2303 2486 2354 eos
2535 2283 2648 2353 Ci-

509 2408 761 2481 ceroni
800 2406 1210 2502 assignans3
1267 2430 1363 2477 ne
1400 2402 1583 2477 illud
1625 2404 2076 2481 ambitiosius
2113 2430 2448 2504 urgeam,
2493 2402 2648 2477 loca

509 2531 631 2603 illa
668 2528 1137 2619 Quintiliani,
1192 2528 1269 2599 in
1324 2526 1596 2624 quibus
1645 2526 2114 2601 Cornificium
2179 2528 2455 2615 laudat,
2496 2530 2646 2608 ,etsi

508 2652 985 2755 probabiliter
1026 2650 1120 2723 ad
1161 2650 1386 2725 libros
1438 2650 1532 2723 ad
1581 2654 2028 2726 Herennium
2070 2654 2257 2726 trahi
2307 2668 2642 2751 possunt,

508 2803 657 2850 non
692 2791 937 2847 tamen
973 2774 1361 2848 excludere
1390 2801 1688 2848 omnem
1725 2775 2110 2848 dubitandi
2148 2778 2504 2857 rationem
2527 2832 2548 2863 ,
2583 2779 2640 2850 si

504 2902 905 3000 cogitemus
943 2896 1103 2971 fieri
1130 2902 1489 2998 potuisse,
1518 2915 1600 2972 ut
1629 2898 1994 2973 Cornificii
2029 2899 2213 2972 liber
2241 2924 2410 2973 cum
2436 2900 2641 2972 libris

506 3026 596 3104 ad
626 3024 1074 3100 Herennium
1106 3021 1433 3097 eamdem
1457 3022 1556 3095 ob
1585 3046 1868 3097 causam
1891 3078 1910 3109 ,
1949 3050 2038 3097 ex
2065 3049 2208 3122 qua
2249 3024 2641 3103 similitudo

502 3152 691 3225 inter
715 3149 1259 3224 Herennianum
1294 3162 1367 3219 et
1391 3149 1812 3222 Ciceronem
1840 3146 1930 3219 de
1957 3148 2386 3221 Inventione
2413 3148 2640 3235 fluxit,

504 3274 748 3349 multis
785 3273 965 3347 locis
1000 3272 1446 3346 conveniret.

595 3428 629 3462 α
648 3402 987 3470 ceterum
1008 3407 1379 3465 auctorem
1405 3391 1760 3465 librorum
1785 3394 1878 3466 ad
1905 3397 2348 3467 Herennium
2361 3395 2472 3466 v'el
2495 3396 2638 3493 pri·

498 3546 703 3595 mum
745 3519 1113 3601 omnium,
1163 3518 1295 3614 qui
1347 3519 1540 3591 inter
1579 3520 1872 3591 Latinos
1917 3535 2144 3594 artem
2202 3519 2631 3591 rhetoricam

493 3644 914 3743 scripserint
943 3642 1154 3739 (post
1172 3643 1267 3711 M.
1304 3624 1652 3715 Catonem
1678 3642 1946 3713 scilicet
1969 3658 2044 3714 et
2065 3646 2164 3713 M.
2205 3644 2632 3723 Antonium,

458 3790 813 3868 ·quorum
852 3766 1005 3853 ille,
1031 3778 1115 3837 ut
1139 3765 1237 3845 ait
1259 3763 1562 3854 Quintil.
1594 3767 1729 3853 III,
1775 3790 1836 3851 1,
1879 3790 2000 3862 19,
2027 3766 2272 3862 aliqua
2307 3780 2586 3839 tantum
2609 3817 2629 3848 ,

490 3894 613 3972 hic
652 3886 1157 3988 imperfectum
1198 3911 1385 3986 opus
1433 3888 1908 3987 scripserat),
1962 3888 2074 3961 vel
2119 3891 2313 3961 inter
2353 3892 2628 3988 primos

488 4016 752 4103 fuisse,
788 4013 933 4087 hoc
980 4016 1195 4084 etiam
1248 4010 1463 4085 nobis
1507 4011 1932 4111 persuadet,
1969 4012 2176 4111 quod.
2225 4038 2622 4111 numquam

490 4144 629 4219 nisi
668 4158 1067 4239 graecorum
1106 4132 1200 4207 de
1248 4148 1401 4217 arte
1446 4136 1886 4237 scriptorum
1929 4140 2372 4212 mentionem
2419 4134 2625 4223 facit,
