2982 4682
17 7 329 18 r——fiss——-
340 9 357 11 -

740 342 866 409 ΑΙ)
908 342 1490 427 ΗΕΒΕΝΝΙΗΜ,
1541 347 1803 414 LIBER
1855 349 1977 430 lv,
2042 345 2141 416 ¹5.
2372 373 2499 444 ¹97

373 463 640 532 niam».
683 465 764 530 In
803 460 914 530 his
959 476 1275 558 quatuor
1315 464 1699 562 generibus
1725 472 2314 551 exui-nationum,
2342 494 2503 565 quat

374 569 612 642 adhuc
656 577 1044 669 propositae
1087 589 1292 660 sunt,
1337 599 1488 646 non
1538 577 1783 671 inopia
1826 575 2216 647 verborum
2268 577 2387 666 fit,
2424 595 2505 648 ut

376 681 466 750 ad
527 680 718 752 idem
757 681 1060 752 verbum
1113 683 1448 756 redeatur
1494 688 1791 782 saepius3
1860 685 1985 755 sed
2054 689 2240 759 inest
2305 687 2502 760 sesti-

293 819 300 824 ·
372 791 548 860 vitas
573 791 992 888 quaedam¹⁰‚
1014 818 1173 890 quae
1199 792 1476 864 facilius
1508 794 1805 866 auribus
1829 795 2245 890 dijudicari,
2286 823 2505 896 quam

373 898 616 970 verbis
661 899 1140 972 demonstrari
1181 919 1440 1000 potest.

468 1009 806 1104 XV.(xv.)
821 1014 1208 1083 Contentio
1224 1027 1615 1110 est¹‚quum
1636 1039 1722 1084 ex
1740 1019 2113 1088 contrariis
2127 1017 2367 1089 verbis
2384 1036 2507 1091 aut

372 1118 620 1190 rebus²
644 1122 874 1190 oratio
901 1121 1305 1208 conficitur,
1336 1120 1478 1193 boc
1514 1139 1753 1221 pacto:
1794 1155 1827 1190 α
1856 1123 2088 1197 Habet
2124 1130 2507 1199 assentatio

367 1230 690 1324 jucunda
722 1232 1109 1328 principia,
1145 1233 1397 1303 eadem
1429 1235 1663 1305 exitus
1697 1238 2178 1308 amarissimos
2212 1236 2425 1308 affert
2450 1269 2505 1308 2».

371 1347 594 1425 Item,
635 1371 668 1405 «
695 1344 1012 1413 Inimicis
1063 1357 1136 1412 te
1173 1339 1594 1439 placabilem
1614 1341 1669 1431 ³,
1712 1348 1954 1416 amieis
1990 1345 2507 1418 inexorabilem

370 1451 650 1547 praebes
667 1481 720 1522 n.
771 1457 988 1536 Item,
1029 1457 1170 1523 «In
1211 1454 1364 1523 otio
1414 1453 1913 1542 tumultuaris,
1952 1457 2027 1526 in
2062 1458 2380 1526 tumultu
2432 1481 2509 1527 es

368 1563 644 1632 otiosus
664 1565 719 1632 4.
758 1567 842 1634 In
871 1588 952 1634 re
979 1561 1434 1660 frigidissima
1471 1565 1691 1651 cales»,
1730 1568 1804 1636 in
1835 1565 2356 1638 ferventissima
2383 1566 2504 1638 fri-

311 1699 316 1704 ·
368 1693 510 1766 ges.
546 1676 790 1744 Tacito
833 1697 1064 1769 quum
1101 1698 1286 1771 opus
1321 1689 1462 1762 est,
1498 1676 1802 1746 clamas:
1836 1674 1962 1746 ubi
1994 1676 2198 1773 loqui
2238 1701 2507 1748 conve-

369 1783 522 1867 nit,
549 1779 1010 1854 obmutescis,
1051 1783 1276 1866 Ades;
1303 1783 1551 1856 abesse
1579 1789 1703 1854 vis,
1728 1785 1950 1869 Abes;
1984 1790 2241 1858 reverti
2274 1791 2502 1885 cupis.
2530 1853 2539 1859 .

367 1893 450 1960 ln
479 1915 654 1988 pace
685 1891 958 1964 bellum
981 1897 1354 1989 quaerita53
1387 1897 1463 1964 in
1489 1893 1685 1964 bello
1725 1918 1973 1992 pacem
2006 1894 2385 1967 desideras,
2419 1901 2501 1968 In

369 2004 720 2073 concione
755 2000 846 2072 de
899 2005 1163 2074 virtute
1202 2003 1557 2100 loqueris;
1622 2006 1695 2073 in
1736 2005 1981 2100 praeljo
2024 2030 2169 2102 prae
2223 2009 2502 2102 ignavia

369 2109 560 2181 tubae
603 2111 918 2182 sonitum
959 2111 1277 2208 perferre
1315 2136 1466 2183 non
1501 2127 1781 2208 potes».
1814 2118 1969 2184 Hoc
2008 2139 2270 2208 genere
2313 2119 2369 2188 si
2400 2118 2503 2186 di-

366 2223 811 2318 stinguemus
846 2223 1250 2292 orationem
1271 2275 1288 2310 ‚
1323 2236 1393 2294 et
1430 2207 1667 2293 ornati
1702 2238 1775 2294 et
1812 2247 2060 2319 graves
2102 2228 2499 2320 poterimus

369 2356 543 2403 esse.

1750 2370 1769 2411 l

459 2438 931 2515 Exclamatio⁵
969 2460 1112 2529 est,
1149 2470 1306 2541 quae
1341 2444 1633 2517 conficit
1670 2445 2259 2543 significationem
2300 2444 2501 2517 dolo-

365 2650 510 2701 babet
532 2686 548 2712 ,
590 2668 696 2717 etp.
716 2669 804 2712 ῆι,
841 2675 866 2697 e
895 2654 1059 2701 avium
1095 2652 1306 2701 dulcedo
1324 2653 1386 2701 ad

361 2726 524 2779 ahiam
551 2732 692 2781 ducit
713 2751 736 2779 ι
753 2768 768 2793 ,
789 2745 836 2781 et
857 2733 960 2781 hoo
979 2733 1145 2781 saltem
1173 2734 1290 2781 mis
1318 2733 1384 2781 le-

365 2812 479 2873 pide
511 2812 609 2859 dici
638 2814 792 2877 possit
819 2813 868 2861 in
897 2814 1156 2861 comoedia.
1183 2814 1246 2861 Et
1275 2813 1385 2861 Ovi·

367 2889 436 2937 dii
453 2890 577 2939 illud
601 2892 650 2939 in
668 2892 1010 2956 epigrummate
1029 2907 1128 2941 non
1151 2892 1382 2941 dedecet:

367 2969 512 3019 «Cur
549 2985 642 3033 ego
679 2986 784 3018 non
823 2970 980 3017 dicam
1024 2972 1163 3019 Furia
1211 2982 1259 3018 te
1307 2973 1384 3019 fu-

367 3049 520 3097 riam?
553 3070 578 3090 2-
638 3048 816 3097 Melius
845 3060 994 3098 .certe
1054 3051 1235 3099 Noster
1289 3051 1384 3099 tale

365 3128 638 3192 exemplum
666 3130 944 3193 sumpsisset
979 3128 1042 3176 ab
1077 3130 1206 3191 ulio,
1241 3146 1386 3193 qnam

365 3206 468 3270 ipse
492 3208 700 3255 absurda
726 3207 787 3255 de
813 3224 904 3255 suo
927 3208 1235 3271 protulisset.

439 3302 518 3336 ῐο.
558 3286 810 3335 Festivitas
851 3288 1100 3351 qeeoedam.
1144 3290 1385 3353 Quadam

365 3364 622 3415 delendum
651 3378 816 3415 censet
837 3367 1067 3416 Oudend.
1094 3370 1384 3416 anctoritate

363 3444 511 3501 MSS,
532 3462 656 3509 quos
674 3447 936 3505 consuluit,
954 3448 1170 3495 omnium
1193 3459 1246 3495 et
1263 3447 1380 3496 edd.

363 3540 436 3587 pr.
476 3526 595 3573 Scn.

432 3604 544 3651 XV.
581 3620 623 3653 1.
648 3604 898 3653 eontentio
913 3616 1000 3651 est.
1023 3607 1142 3652 Haec
1161 3616 1232 3651 est
1255 3602 1379 3651 nnti-

361 3682 538 3744 thesin,
565 3682 628 3731 de
647 3700 742 3747 qua
771 3684 903 3733 conf.
938 3686 1074 3734 Orat.
1097 3700 1204 3747 cap.
1233 3690 1300 3746 49
1333 3696 1382 3731 et

363 3764 446 3811 50.
485 3765 712 3811 Recurrit
736 3762 904 3811 eadem
933 3764 1056 3812 infra
1099 3764 1150 3811 in
1187 3774 1381 3811 senten-

361 3842 470 3899 tiis,
501 3844 585 3897 45.

435 3937 480 3970 2.
523 3921 692 3969 Verbis
731 3932 820 3967 mse
855 3920 1009 3970 rebus.
1053 3920 1208 3970 Abest
1255 3932 1383 3969 «aut

360 4000 503 4048 rebus
516 4023 542 4042 ι·
559 3999 623 4048 ab
652 4000 732 4049 ed.
751 4001 956 4050 mediol.
987 4000 1094 4049 Nee
1127 4003 1254 4050 male
1282 4002 1382 4047 for-

360 4086 507 4137 tene,
530 4096 682 4143 quum
713 4094 816 4127 non
855 4080 936 4128 hie
985 4081 1120 4129 omni
1159 4079 1220 4128 tle
1262 4096 1380 4129 eon·

1475 2656 1691 2703 tentione
1717 2666 1902 2718 agatur,
1927 2657 2014 2705 sed
2030 2656 2092 2704 de
2106 2674 2160 2706 ea
2180 2668 2369 2706 tantum
2389 2672 2499 2719 qua

1473 2732 1637 2780 verbis
1653 2732 1833 2781 confici
1840 2746 1933 2782 tur.

1549 2813 1595 2860 3.
1622 2812 1837 2860 mimicis
1879 2824 1925 2861 te
1948 2814 2297 2877 placabilem..
2314 2826 2497 2877 .potes.

1471 2892 1583 2939 Istae
1633 2892 1887 2941 sententie
1940 2907 2109 2939 omnen
2160 2892 2499 2954 interrogative

1472 2969 1691 3033 legende
1736 2980 1865 3019 eunt.
1907 2970 2033 3018 Sunt
2076 2970 2203 3018 enim
2244 2970 2499 3034 enthyme-

1473 3060 1600 3097 mata
1638 3065 1663 3096 e
1700 3050 1973 3097 contrariis.
2012 3050 2145 3097 Ena.
2171 3074 2238 3086 -—
2260 3049 2371 3097 Scb.
2395 3066 2498 3097 non

1473 3128 1807 3189 interrogandi
1847 3128 2039 3192 signum
2071 3129 2268 3192 posuit3
2306 3138 2497 3176 tantum

1474 3208 1526 3254 in
1550 3206 1841 3270 quibusdam
1860 3207 2002 3255 libris
2032 3208 2153 3271 poni
2180 3216 2381 3255 testam·
2406 3218 2494 3257 est.

1546 3292 1594 3341 4.
1615 3288 1676 3333 [η
1704 3287 1911 3334 tumultu
1928 3304 1979 3336 es
1999 3288 2195 3335 ociosus.
2216 3286 2495 3335 Delevimus

1470 3366 1599 3413 solus
1618 3378 1728 3429 post
1744 3368 1944 3414 tumultu
1962 3403 1977 3424 ‚
1996 3366 2131 3430 quod
2159 3366 2284 3413 bene
2310 3365 2447 3413 abent
2466 3382 2492 3411 a

1471 3446 1596 3493 MSS
1634 3444 1737 3493 duo
1770 3446 1903 3494 Leid.
1944 3446 2155 3493 Deberet
2192 3444 2357 3493 saltem
2392 3460 2493 3492 esne

1469 3526 1595 3573 solo.
1616 3528 1743 3575 Ean.
1765 3542 1909 3589 quem
1928 3524 2043 3572 Sch.
2066 3535 2301 3588 sequutus
2328 3536 2417 3571 est.

1544 3602 1592 3653 5.
1640 3603 1968 3651 Est-clamatio.
2004 3602 2203 3651 Schema
2238 3619 2328 3667 per
2358 3604 2493 3665 quod

1469 3700 1571 3731 non
1598 3684 1982 3747 indignationem
2012 3694 2197 3730 tantum
2229 3694 2311 3729 ant
2342 3682 2485 3730 dolo-

1469 3780 1571 3811 rem
1587 3796 1602 3821 ,
1619 3764 1705 3811 sed
1722 3763 1987 3827 aliquando
2014 3762 2383 3809 admirationem
2412 3759 2493 3806 lae·

1471 3844 1712 3901 titiamve‚
1744 3854 1828 3889 ant
1862 3842 2008 3889 alium
2037 3842 2183 3888 animi
2212 3850 2401 3886 motum
2425 3840 2491 3886 si-

1469 3920 1771 3984 gnificamus.
1808 3920 2091 3983 Exemplum
2120 3917 2255 3965 dedit
2282 3918 2335 3964 in
2362 3920 2491 3964 notin

1468 4001 1502 4048 J
1506 4033 1519 4048 .
1538 4000 1603 4047 V.
1627 4000 1821 4046 Leclerc
1846 4014 1871 4045 e
1900 3996 2071 4060 gallica
2096 3994 2327 4059 tragoedia
2356 4010 2488 4044 enm·

1468 4090 1625 4142 ptum.
1654 4078 1879 4126 Ceterum
1914 4092 1969 4123 ea
2002 4092 2111 4138 (με
2147 4092 2277 4123 nunc
2314 4088 2487 4125 auctor
