2982 4682
726 375 854 443 AD
901 373 1490 462 ΗΕΒΕΝΝῙΠΜ,
1536 377 1803 445 LIBER
1852 378 1923 460 1,
1968 395 2071 442 ια.
2374 366 2463 444 35

323 500 688 594 impetum
723 493 928 586 facit,
959 511 1222 595 pontes
1257 496 1617 572 disturbat
1638 551 1660 585 ,
1694 501 1905 568 cistas
1936 495 2288 592 dejicit13,
2328 498 2461 570 im-

327 605 776 706 pedimento*
813 619 922 678 est
945 660 966 693 ‚
1021 627 1172 704 quo
1223 611 1452 682 secius
1517 607 1787 680 feratur
1844 607 1961 678 lex
2004 615 2036 676 ε’
2078 608 2465 680 arcessitur

330 721 574 814 Caepio
613 716 1016 812 majestatis,
1047 745 1082 782 n
1119 720 1556 790 Constitutio
1594 733 1706 790 est
1737 717 2051 814 legitima
2084 741 2173 786 ex
2208 715 2461 788 defini-

329 828 550 898 tione.
586 825 1046 900 Vocabulum
1083 829 1281 900 enim
1323 827 1668 900 definitur
1702 831 1941 926 ipsum
1957 881 1977 914 ‚
2002 851 2235 924 quum
2270 852 2465 925 quae·

329 939 540 1024 fitur,
576 936 757 1034 quid
800 937 894 1008 sit
929 939 1260 1010 minuere
1303 939 1442 1034 maj
1450 953 1768 1010 estatem.

429 1051 538 1117 Ex
581 1046 1048 1120 translatione
1105 1049 1599 1121 controversia
1650 1049 2005 1134 nascitur,
2046 1069 2275 1144 quum
2326 1057 2459 1117 aut

331 1171 620 1253 tempus
641 1155 1126 1230 differendum
1144 1210 1165 1246 ‚
1197 1173 1323 1230 aut
1339 1170 1831 1231 accusatorem
1862 1156 2316 1244 mutandum,
2338 1169 2464 1226 aut

319 1264 602 1360 judices
623 1265 1014 1339 mutandos
1047 1289 1214 1340 reus
1237 1267 1433 1340 dicit.
1463 1271 1613 1340 Hac
1650 1281 1857 1366 parte
1888 1267 2460 1352 constitutionis,

295 1377 560 1447 -Graeci
599 1379 676 1447 in
714 1375 1043 1472 judiciis,
1065 1401 1204 1450 nos
1234 1375 1309 1448 in
1339 1376 1503 1474 jure
1539 1377 1729 1449 civili
1755 1376 1817 1433 ¹4
1847 1377 2282 1476 plerumque
2320 1375 2458 1442 uti·

327 1509 510 1556 mur.
545 1490 630 1556 In
669 1485 806 1558 hac
849 1501 1054 1584 parte
1099 1511 1234 1559 nos
1260 1487 1440 1583 juris
1472 1487 1699 1560 civilis
1742 1487 2037 1560 scientia
2067 1481 2349 1581 juvabit
2379 1473 2462 1552 ¹⁵.

325 1597 406 1664 In
445 1593 734 1690 judiciis
775 1609 1018 1668 tamen
1071 1597 1406 1670 nonnihil
1445 1623 1532 1672 ea
1574 1599 1883 1686 utimur,
1932 1596 2075 1670 hoc
2104 1595 2331 1668 modo
2354 1592 2463 1664 ¹⁶:

323 1734 360 1770 α
387 1707 468 1776 Si
504 1708 672 1802 quis
713 1706 1098 1804 peculatus
1137 1723 1515 1780 accusetur
1536 1719 1624 1797 ¹⁷,
1662 1704 1867 1804 quod
1915 1707 2079 1777 vasa
2124 1721 2466 1802 argentea

321 1813 614 1912 publica
648 1814 740 1886 de
781 1815 947 1888 loco
989 1817 1271 1914 privato
1309 1815 1587 1889 dicatur
1632 1815 1999 1888 sustulisse
2019 1869 2039 1904 ,
2078 1821 2309 1912 possit
2343 1817 2461 1888 di-

323 1945 523 2006 cere,
561 1944 792 2022 quum
829 1921 1248 1998 definitione
1273 1929 1366 1996 sit
1400 1947 1601 2012 usus,
1638 1922 1819 2022 quid
1840 1925 1929 1995 sit
1944 1922 2257 2013 furtum,
2282 1926 2464 2022 quid

325 2031 699 2128 peculatus
721 2057 742 2115 3
765 2054 1009 2104 secum
1036 2029 1217 2104 furti
1250 2035 1404 2132 agi,
1442 2058 1597 2104 non
1632 2031 2005 2131 peculatus
2033 2047 2371 2130 oportere
2399 2065 2456 2106 n.

319 2143 484 2213 Haec
517 2143 812 2239 partitio
847 2139 1179 2238 legitimae
1215 2143 1753 2216 constitutionis
1776 2141 1889 2212 his
1915 2140 2007 2213 de
2032 2145 2264 2214 causis
2288 2168 2457 2215 raro

315 2251 620 2322 venitin
650 2250 1038 2347 judicium,
1063 2251 1270 2353 quod
1291 2254 1368 2324 in
1394 2257 1672 2352 privata
1700 2255 1984 2324 actione
2008 2248 2073 2331 ¹⁸.
2102 2255 2458 2353 praetoriae

317 2446 410 2495 86.
431 2446 572 2495 abest
592 2456 644 2495 et
665 2446 824 2495 solum
841 2458 1014 2496 contra
1030 2448 1341 2515 relinquitur,
1429 2461 1508 2498 est
1536 2450 1687 2508 furti,
1713 2449 1851 2515 quod
1876 2461 1995 2515 post
2026 2418 2453 2515 commemora-tur,

313 2524 452 2591 quod
477 2526 552 2575 sic
573 2536 648 2575 est
672 2525 724 2573 in
749 2524 828 2573 ed.
853 2528 994 2575 Junt.
1016 2528 1238 2580 Eunt.
1268 2554 1341 2566 -·
1428 2539 1479 2577 et
1512 2528 1825 2593 distinguitur
1860 2544 1889 2578 a
1922 2528 2156 2593 peculatu
2173 2566 2189 2593 ‚
2216 2530 2358 2595 quod
2382 2544 2455 2581 est

314 2604 559 2669 Sequatus
581 2616 656 2655 est
681 2606 874 2655 Ernest-
899 2602 1095 2655 Schiitz.
1123 2607 1225 2669 Qui
1252 2622 1340 2655 cur
1426 2604 1611 2655 furtum
1628 2606 1902 2670 publicum.
1930 2606 2066 2655 Eu.

305 2682 540 2743 juvenem
569 2683 858 2749 sctiptooem
891 2700 1118 2749 peccasse
1147 2686 1336 2745 nolint,

311 2776 411 2811 uon
437 2762 682 2827 intelligo.

383 2838 469 2889 13.
497 2842 672 2890 Pontes
689 2840 956 2898 disturbat,
985 2843 1130 2893 cistas
1149 2843 1333 2911 dejecit.

311 2918 457 2967 Haud
489 2934 634 2969 seem
673 2920 794 2969 Pan.
831 2922 990 2969 nostri
1003 2954 1020 2981 ,
1060 2923 1157 2971 uisi
1199 2924 1336 2987 quod

307 3012 406 3047 see.
429 3019 458 3041 α
475 2997 658 3063 gradun
682 2999 850 3063 pontis
871 2998 1114 3051 disturbat
1127 3036 1143 3063 ,
1165 3002 1334 3053 cinam

309 3074 476 3137 dejicit
493 3098 520 3118 ι·
533 3111 552 3136 ,
590 3077 730 3141 quod
746 3078 907 3143 ipsum
931 3095 1026 3145 pro
1049 3080 1336 3145 iuterpreta-

309 3164 472 3203 ..to
489 3152 760 3216 habuerim,
779 3156 920 3207 aliter
935 3174 1082 3223 quam
1099 3146 1332 3225 placitum

307 3233 567 3283 lambino.
587 3236 822 3286 Gau-1¹1⁸.
841 3263 912 3273 --
927 3239 1108 3287 Pontes
1121 3274 1138 3299 ,
1161 3238 1215 3287 id
1231 3250 1328 3299 est,

307 3312 588 3375 ponticulo·
611 3328 702 3377 per
728 3330 856 3378 quos
881 3314 1145 3367 adibatur
1170 3318 1324 3378 εἰσίω,

305 3388 358 3437 iu
394 3407 516 3455 quau
549 3391 738 3442 tabella
771 3394 1097 3445 mitterentur.
1136 3398 1206 3446 V.
1243 3398 1328 3445 lex

303 3468 490 3520 naria.
509 3472 642 3521 Eua.

381 3557 463 3605 14.
482 3552 595 3598 Hac
607 3562 756 3617 parte
771 3551 1142 3608 constitutionis,
1168 3553 1332 3603 Groeea·

301 3626 356 3675 ὑπ
359 3627 584 3693 judiciis,
601 3644 693 3677 nos
707 3629 884 3695 injure
897 3631 1044 3681 civili.
1063 3634 1096 3681 J
1097 3631 1256 3681 udicia
1273 3636 1325 3685 h.

300 3706 336 3755 Ι.
353 3717 471 3755 sunt
496 3724 747 3758 cansarum
767 3710 1077 3776 publicarum
1097 3746 1114 3771 ,
1133 3712 1260 3763 sicut
1277 3724 1326 3763 et

299 3800 414 3835 mox
455 3786 692 3837 dicuntur
720 3805 734 3839 ε
783 3810 806 3833 ι
831 3790 888 3838 in
925 3790 1124 3853 iudiciis
1165 3801 1324 3843 tamen

296 3867 526 3915 nonnihil
562 3884 617 3917 ea
655 3870 844 3917 utimur
867 3890 890 3912 ι
916 3882 930 3917 :
969 3886 1078 3918 nam
1106 3872 1324 3937 sequitur

289 3942 530 4003 judicium
548 3948 820 4011 peculatus.
846 3951 934 3997 Ius
957 3948 1168 3997 vicissim
1187 3949 1322 3999 civile

295 4020 474 4073 dicitur
502 4026 564 4075 de
594 4028 755 4077 causis
787 4028 1018 4093 privatis,
1052 4040 1099 4076 et
1119 4028 1320 4089 judiciis

291 4118 540 4155 ansatum
561 4109 894 4173 privatarum,
919 4108 1060 4171 quale
1080 4106 1317 4168 iudicium

1504 2686 1589 2734 15.
1634 2685 1849 2735 Scienet‘a
1879 2684 2089 2753 juvabit.
2134 2686 2212 2735 Sic
2255 2688 2389 2736 edidi
2424 2706 2452 2737 e

1424 2764 1552 2813 MSS
1594 2764 1877 2813 melioribus
1912 2775 1961 2812 et
2002 2762 2120 2813 edd.
2161 2780 2238 2829 pr.
2279 2776 2410 2833 1474
2428 2800 2449 2828 ,

1429 2843 1563 2908 1475
1575 2875 1591 2901 ,
1620 2840 1761 2890 Med.
1774 2846 1915 2892 Juut.
1934 2840 2051 2891 Ald.
2070 2842 2207 2892 vict.
2226 2852 2323 2894 etc.
2353 2862 2447 2909 pro

1423 2942 1450 2964 ιι
1468 2920 1675 2969 maxime
1700 2920 1950 2982 adjuvabit
1972 2942 2013 2967 a.
2046 2920 2175 2967 Eun.

1500 3001 1581 3047 16.
1604 2998 1842 3047 Nonnihil
1858 3014 1921 3046 ea
1946 2996 2139 3055 utimur,
2165 2994 2259 3044 Ιιοο
2282 3000 2444 3049 modo.

1418 3077 1575 3127 Abest
1595 3092 1658 3124 ea
1679 3076 1759 3126 ed.
1780 3075 1917 3126 Med.
1948 3076 2079 3139 1498
2104 3084 2155 3124 et
2174 3076 2255 3125 ed.
2286 3078 2440 3145 1476.

1419 3184 1491 3194 -—-
1522 3154 1646 3204 Pul.
1687 3166 1849 3221 quart.
1883 3166 1935 3203 et
1982 3152 2133 3203 Bruil.
2178 3155 2445 3207 ostendunt

1418 3259 1444 3280 α
1459 3238 1644 3286 utimur
1684 3246 1740 3284 ut
1782 3236 1879 3284 hoc
1920 3233 2071 3283 modo
2091 3256 2135 3283 »-
2174 3236 2299 3299 Quis
2337 3252 2441 3286 non

1415 3316 1553 3365 videt
1596 3338 1623 3359 α
1640 3316 1735 3365 hoc
1768 3314 1921 3364 modo
1936 3336 1963 3357 ι·
2008 3312 2268 3362 delendum
2310 3332 2438 3379 esse,

1414 3405 1605 3447 retento
1628 3406 1680 3444 ut
1693 3402 1723 3444 ι’
1747 3396 1915 3444 ὓιυτ.

1491 3491 1571 3538 17.
1604 3477 1869 3523 Accusetur
1892 3472 2025 3522 edidi
2056 3490 2148 3537 pro
2178 3484 2440 3521 accusatur

1413 3571 1442 3602 e
1458 3556 1551 3605 MS
1572 3556 1701 3620 Lips.
1729 3553 1842 3621 quia
1860 3552 1911 3601 id
1936 3553 2145 3601 latinitas
2170 3551 2435 3613 desiderat,

1413 3644 1462 3681 et
1485 3632 1590 3681 sine
1614 3633 1741 3681 libro
1768 3633 1903 3681 omni
1934 3632 2004 3680 sic
2036 3631 2215 3694 corrigi
2247 3630 2432 3681 dudum

1415 3710 1624 3760 debebat
1636 3746 1651 3772 ,
1672 3721 1729 3760 ut
1750 3726 1917 3759 omues
1935 3711 2147 3758 sentient
2172 3709 2429 3761 admoniti.

1411 3791 1632 3840 Enitar.

1486 3870 1572 3918 18.
1592 3869 1739 3935 Quod
1749 3869 1799 3917 in
1808 3868 2014 3935 privata
2026 3865 2235 3915 actione.
2258 3869 2431 3916 Delevi

1409 3960 1458 3997 et
1479 3960 1595 4013 post
1619 3950 1781 4014 quod,
1810 3948 2093 3997 auctoribus
2120 3945 2267 3994 codd.
2298 3948 2428 4011 Lips.

1407 4028 1542 4075 Cot-t.
1575 4041 1626 4077 et
1650 4028 1760 4076 edd.
1790 4046 1865 4093 pr.
1901 4036 2029 4089 1474
2053 4061 2069 4084 ‚
2105 4024 2243 4074 Med.
2290 4027 2428 4076 Junt.

1406 4106 1520 4155 Ald.
1540 4120 1633 4158 etc.
1654 4119 1701 4157 et
1722 4124 1771 4155 re
1789 4106 1991 4167 jubente
2012 4106 2130 4169 ipsa.
2158 4106 2285 4151 Eun.

2126 4188 2188 4258 3.
