2982 4682
402 455 2148 486 mmmmwmmmmmmwm
2157 453 2432 500 mffl'nm
2437 455 2528 474 m

894 606 2004 746 ARGUMENTUM

648 833 705 898 E
752 829 1171 898 scflmzn
1218 787 1653 898 Eumelus
1699 825 2289 896 DESUMPTUM.

404 999 757 1059 Prooemium
779 999 1015 1058 ducitur
1039 1019 1073 1058 a
1101 1000 1343 1058 consilio
1366 1000 1580 1058 Zeuxis
1599 999 1960 1060 Heracleotae
1973 1042 1990 1071 ,
2011 1017 2131 1075 quo
2151 998 2214 1054 in
2239 995 2530 1074 pingendo

488 1095 838 1156 crotoniatis
864 1096 1097 1156 Helenae
1120 1096 1433 1156 simulacro
1457 1112 1597 1154 usus
1625 1107 1776 1166 erat,
1799 1107 1864 1152 ut
1891 1115 1926 1152 e
1955 1094 2211 1172 quinque
2237 1088 2534 1150 formosis-

482 1192 645 1252 simis
671 1191 1023 1270 virginibus,
1064 1213 1193 1270 quae
1220 1193 1623 1252 venustissima
1663 1205 1878 1272 essent,
1925 1193 1987 1250 in
2025 1191 2331 1269 imaginem
2369 1205 2534 1247 suam

490 1287 859 1360 transferret,
902 1289 998 1346 cui
1045 1288 1283 1365 quidem
1325 1289 1566 1348 consilio
1617 1288 1769 1346 ratio
1825 1288 2079 1346 auctoris
2128 1296 2536 1364 comparatur,

484 1386 703 1464 quippe
732 1385 834 1462 qui
860 1383 1129 1444 omnibus
1154 1386 1213 1443 in
1246 1405 1425 1444 unum
1452 1385 1666 1444 coactis
1685 1383 2090 1461 scriptoribuS,
2109 1382 2270 1460 quod
2290 1381 2538 1459 quisque

486 1483 947 1558 commodissime
965 1483 1281 1564 praecipere
1295 1484 1452 1542 visus
1469 1495 1638 1556 esset,
1653 1482 2082 1560 excerpendum
2097 1481 2338 1560 putarit,
2352 1480 2436 1537 ita
2449 1491 2536 1537 ta-

492 1599 649 1651 men,
664 1592 732 1637 ut
744 1577 819 1637 de
840 1599 948 1638 suo
971 1599 1205 1657 quoque
1220 1579 1485 1638 nonnihil
1515 1579 1577 1638 in
1594 1599 1902 1638 commune
1923 1579 2232 1648 conferret,
2261 1593 2389 1653 cap.
2411 1576 2538 1633 1-3.

569 1675 845 1753 Sequitur
872 1675 1139 1734 locorum
1176 1675 1560 1734 confirmandi
1603 1689 1663 1734 et
1701 1674 2166 1753 reprehendendi
2208 1674 2272 1732 in
2317 1670 2542 1749 singula

484 1791 700 1850 genera
728 1791 1032 1832 causarum
1063 1775 1369 1853 expositio.

570 1872 659 1926 Ac
697 1868 953 1946 primum
992 1868 1229 1946 quidem
1268 1869 1472 1929 Cicero
1514 1869 1589 1928 de
1622 1867 1886 1945 judiciali
1906 1871 2126 1945 'genere
2151 1869 2295 1944 agit,
2325 1865 2389 1923 in
2420 1884 2541 1942 quo

489 1964 876 2044 proficiscitur
899 1985 937 2024 a
958 1965 1335 2044 conjecturali
1360 1966 1800 2039 constitutione,
1827 1985 1954 2044 cap.
1985 1974 2054 2038 4;
2080 1964 2245 2042 cujus
2275 1968 2540 2046 exemplo

490 2063 798 2140 proposito
825 2063 1067 2140 exponit
1093 2064 1281 2136 locos,
1310 2082 1562 2139 quorum
1590 2083 1726 2142 pars
1759 2062 1954 2138 aliqua
1995 2061 2057 2120 in
2095 2062 2539 2141 conjecturalem

494 2158 698 2218 incidit
732 2159 1215 2234 controversiam,
1241 2179 1371 2239 cap.
1416 2161 1483 2232 5,
1519 2179 1644 2238 sqq.
1678 2159 2026 2236 conjectura
2075 2171 2267 2218 autem
2313 2161 2544 2238 capitur

501 2251 566 2310 1⁰
592 2274 665 2313 ex
703 2275 877 2315 causa
892 2300 910 2329 ,
935 2275 1066 2333 quae
1098 2255 1465 2315 distribuitur
1500 2256 1560 2314 in
1599 2255 2007 2336 impulsionem
2048 2269 2109 2314 et
2145 2257 2545 2316 ratiocinatio-

496 2370 629 2409 nem
653 2374 673 2423 ς
719 2353 795 2411 ad
850 2366 1159 2431 utramque
1210 2366 1270 2413 et
1326 2354 1705 2427 accusatoris,
1753 2375 1880 2434 cap.
1912 2356 1976 2426 6,
2007 2375 2062 2427 7,
2103 2366 2160 2412 et
2199 2354 2546 2423 defensoris,

494 2467 623 2525 cap.
650 2448 687 2521 8
702 2490 721 2519 ,
756 2448 872 2507 loci
915 2462 1319 2529 exponuntur3
1369 2448 1435 2509 2⁰
1461 2471 1536 2511 ex
1564 2471 1838 2530 persona,
1879 2450 2044 2529 cujus
2073 2450 2420 2529 conjectura
2451 2470 2548 2509 ar-

494 2545 781 2622 gumentis
802 2544 1059 2605 breviter
1080 2548 1369 2626 repetitis,
1394 2566 1522 2626 cap.
1544 2568 1611 2625 9,
1629 2548 1926 2626 quomodo
1944 2563 2267 2621 accusator,
2285 2567 2414 2627 cap.
2440 2567 2511 2605 ιο
2526 2592 2546 2621 ,

497 2653 557 2697 et
587 2640 877 2713 defensor,
906 2662 1031 2722 cap.
1058 2663 1153 2715 11,
1180 2656 1398 2717 utatur,
1425 2643 1624 2717 docet3
1650 2643 1720 2703 3⁰
1742 2664 1816 2703 ex
1841 2646 2028 2717 facto,
2053 2644 2162 2703 ubi
2190 2644 2547 2722 suspiciones

492 2736 789 2796 ducuntur
818 2739 1031 2817 partim
1062 2758 1137 2797 ex
1162 2741 1395 2818 negotio
1426 2741 1774 2819 separatim,
1797 2741 1860 2799 in
1887 2761 2005 2818 quo
2035 2753 2390 2820 spectantur,
2414 2760 2548 2818 quae

498 2834 615 2891 sint
634 2852 769 2893 cum
794 2854 866 2893 eo
892 2836 1279 2909 continentia,
1308 2838 1451 2915 quid
1475 2838 1537 2895 in
1565 2838 1825 2919 gestione
1856 2839 1980 2916 ipsa
2007 2838 2226 2917 negotii
2252 2849 2560 2906 occurrat,-
2597 2823 2603 2829 ’

499 2928 641 3005 quid
665 2930 740 2989 sit
766 2930 1129 3009 adjunctum,
1165 2945 1225 2991 et
1244 2952 1377 3010 quae
1398 2947 1851 3011 consequantur,
1874 2954 2004 3012 cap.
2029 2954 2128 3007 1²3
2151 2934 2364 3012 partim
2389 2954 2549 2993 com—

498 3025 748 3083 muniter
774 3046 846 3083 ex
874 3028 1135 3104 personis
1164 3040 1337 3105 atque
1372 3030 1625 3108 negotio.
1653 3034 1857 3088 Postea
1883 3030 2055 3089 docet
2085 3043 2290 3089 auctor
2317 3030 2414 3090 hic
2444 3050 2552 3089 nec

499 3120 666 3180 facile
707 3142 859 3195 esse,
898 3143 1007 3181 nec
1049 3125 1439 3183 necessarium
1486 3122 1894 3205 distinguere,
1930 3140 1995 3185 ut
2037 3128 2100 3185 in
2149 3127 2549 3205 superioribus

498 3216 787 3295 partibus,
825 3238 943 3296 quo
974 3230 1147 3297 pacto
1186 3220 1444 3299 quidque
1480 3235 1906 3294 accusatorem,
1937 3236 1996 3281 et
2021 3223 2318 3301 quomodo
2346 3224 2552 3307 defen—

499 3333 709 3397 sorem·
728 3329 975 3376 tractare
1003 3329 1304 3396 oporteat,
1334 3338 1461 3397 cap.
1483 3328 1588 3391 143
1616 3322 1970 3400 exponitque
1998 3322 2160 3380 locos
2191 3326 2554 3396 communes,

493 3412 675 3488 quiin
694 3414 1147 3492 conjecturalem
1162 3416 1638 3477 constitutionem
1656 3419 1916 3478 incidere
1932 3421 2182 3492 soleant,
2203 3440 2330 3498 cap.
2347 3419 2438 3491 15,
2459 3422 2551 3479 16.

575 3511 845 3570 Secundo
871 3512 1003 3571 loco
1032 3511 1105 3570 de
1134 3513 1383 3571 nominis
1408 3518 1806 3576 controversia
1834 3536 1934 3575 seu
1969 3518 2383 3588 constitutione
2409 3518 2554 3575 defi-

496 3605 674 3665 nitiva
698 3607 848 3685 agit3
871 3609 1037 3685 cujus
1060 3609 1391 3687 exemplum
1412 3610 1609 3688 ponit,
1641 3632 1767 3691 cap.
1791 3632 1879 3686 17,
1899 3626 1956 3671 et
1979 3614 2082 3691 qui
2107 3614 2221 3673 sint
2249 3626 2554 3672 accusato-

494 3702 577 3759 ris
604 3716 663 3760 et
690 3703 1011 3763 defensoris
1033 3705 1178 3779 loci,
1201 3726 1329 3784 cap.
1351 3708 1453 3781 18,
1488 3706 1759 3767 ostendit.

574 3799 773 3855 Tertio
800 3801 1269 3860 constitutionem
1296 3804 1688 3863 translativam
1708 3818 2053 3883 pertractat,
2085 3825 2214 3883 quae
2240 3824 2346 3865 cur
2367 3802 2556 3863 rarius

502 3891 565 3948 in
622 3894 1038 3963 consuetudine
1114 3918 1351 3957 romana
1424 3900 1644 3960 incidat
1663 3946 1679 3974 ,
1737 3914 2046 3981 postquam
2101 3902 2555 3977 demonstravit,

502 4006 629 4065 cap.
657 4007 751 4063 19,
783 3994 1109 4068 exemplum
1134 3995 1255 4073 ejus
1276 3997 1585 4073 proponit3
1613 4011 1670 4056 et
1702 4020 1833 4076 quae
1868 4000 1926 4057 in
1954 3999 2063 4058 hac
2090 4018 2260 4058 causa
2289 3996 2363 4057 ab
2392 4010 2552 4059 utro-

502 4104 623 4162 que
655 4084 970 4164 quaerenda
998 4089 1134 4164 sint,
1164 4091 1556 4164 demonstrat,
1591 4116 1715 4173 cap.
1748 4115 1838 4153 20.
