<?xml version="1.0" encoding="UTF-8"?>
<!DOCTYPE html PUBLIC "-//W3C//DTD XHTML 1.0 Transitional//EN"
    "http://www.w3.org/TR/xhtml1/DTD/xhtml1-transitional.dtd">
<html xmlns="http://www.w3.org/1999/xhtml" xml:lang="en" lang="en">
 <head>
  <title>
</title>
<meta http-equiv="Content-Type" content="text/html;charset=utf-8" />
  <meta name='ocr-system' content='tesseract 3.04.00' />
  <meta name='ocr-capabilities' content='ocr_page ocr_carea ocr_par ocr_line ocrx_word'/>
</head>
<body>
  <div class='ocr_page' id='page_1' title='image "./mtciceronisquae07lemagoog_0058.png"; bbox 0 0 2982 4682; ppageno 0'>
   <div class='ocr_carea' id='block_1_1' title="bbox 472 312 1925 396">
    <p class='ocr_par' dir='ltr' id='par_1_1' title="bbox 472 312 1925 396">
     <span class='ocr_line' id='line_1_1' title="bbox 472 312 1925 396; baseline -0.003 -12"><span class='ocrx_word' id='word_1_1' title='bbox 472 323 562 396; x_wconf 72' lang='lat'><strong>32</strong></span> <span class='ocrx_word' id='word_1_2' title='bbox 1150 315 1243 382; x_wconf 92' lang='lat' dir='ltr'><strong>M.</strong></span> <span class='ocrx_word' id='word_1_3' title='bbox 1292 313 1371 380; x_wconf 88' lang='lat' dir='ltr'><strong>T.</strong></span> <span class='ocrx_word' id='word_1_4' title='bbox 1427 312 1925 383; x_wconf 87' lang='lat' dir='ltr'>CICERONIS</span> 
     </span>
    </p>
   </div>
   <div class='ocr_carea' id='block_1_2' title="bbox 466 421 2621 2180">
    <p class='ocr_par' dir='ltr' id='par_1_2' title="bbox 466 421 2621 2180">
     <span class='ocr_line' id='line_1_2' title="bbox 466 421 2602 546; baseline -0.006 -29"><span class='ocrx_word' id='word_1_5' title='bbox 466 421 2602 546; x_wconf 70' lang='lat' dir='ltr'><strong>guum,definitionem‚translationem¹⁵,ratiocinationemffi.</strong></span> 
     </span>
     <span class='ocr_line' id='line_1_3' title="bbox 474 545 2601 648; baseline -0.007 -20"><span class='ocrx_word' id='word_1_6' title='bbox 474 561 579 628; x_wconf 80' lang='lat' dir='ltr'><strong>Ex</strong></span> <span class='ocrx_word' id='word_1_7' title='bbox 620 552 887 648; x_wconf 87' lang='lat' dir='ltr'><strong>scripto</strong></span> <span class='ocrx_word' id='word_1_8' title='bbox 922 561 995 618; x_wconf 91' lang='lat' dir='ltr'><strong>et</strong></span> <span class='ocrx_word' id='word_1_9' title='bbox 1042 547 1395 616; x_wconf 82' lang='lat' dir='ltr'><strong>sententia</strong></span> <span class='ocrx_word' id='word_1_10' title='bbox 1437 545 1758 614; x_wconf 89' lang='lat' dir='ltr'><strong>nascitur</strong></span> <span class='ocrx_word' id='word_1_11' title='bbox 1798 546 2326 628; x_wconf 81' lang='lat' dir='ltr'><strong>controversia,</strong></span> <span class='ocrx_word' id='word_1_12' title='bbox 2375 567 2601 641; x_wconf 90' lang='lat' dir='ltr'><strong>quum</strong></span> 
     </span>
     <span class='ocr_line' id='line_1_4' title="bbox 470 652 2604 754; baseline -0.007 -16"><span class='ocrx_word' id='word_1_13' title='bbox 470 665 757 738; x_wconf 87' lang='lat' dir='ltr'><strong>videtur</strong></span> <span class='ocrx_word' id='word_1_14' title='bbox 807 655 1177 754; x_wconf 86' lang='lat' dir='ltr'><strong>scriptoris</strong></span> <span class='ocrx_word' id='word_1_15' title='bbox 1211 652 1546 725; x_wconf 84' lang='lat' dir='ltr'><strong>voluntas</strong></span> <span class='ocrx_word' id='word_1_16' title='bbox 1611 675 1778 723; x_wconf 82' lang='lat' dir='ltr'><strong>curn</strong></span> <span class='ocrx_word' id='word_1_17' title='bbox 1813 653 2082 750; x_wconf 82' lang='lat' dir='ltr'><strong>scripto</strong></span> <span class='ocrx_word' id='word_1_18' title='bbox 2127 655 2287 750; x_wconf 87' lang='lat' dir='ltr'><strong>ipso</strong></span> <span class='ocrx_word' id='word_1_19' title='bbox 2327 652 2604 725; x_wconf 88' lang='lat' dir='ltr'><strong>dissen-</strong></span> 
     </span>
     <span class='ocr_line' id='line_1_5' title="bbox 468 761 2608 863; baseline -0.007 -15"><span class='ocrx_word' id='word_1_20' title='bbox 468 781 609 848; x_wconf 86' lang='lat' dir='ltr'>tire</span> <span class='ocrx_word' id='word_1_21' title='bbox 631 828 652 863; x_wconf 92' lang='lat'><strong>,</strong></span> <span class='ocrx_word' id='word_1_22' title='bbox 692 771 836 841; x_wconf 87' lang='lat' dir='ltr'><strong>boc</strong></span> <span class='ocrx_word' id='word_1_23' title='bbox 870 765 1123 838; x_wconf 83' lang='lat' dir='ltr'><strong>modo:</strong></span> <span class='ocrx_word' id='word_1_24' title='bbox 1159 793 1193 830; x_wconf 75' lang='lat' dir='ltr'><strong>&lt;c</strong></span> <span class='ocrx_word' id='word_1_25' title='bbox 1220 766 1293 835; x_wconf 91' lang='lat' dir='ltr'><strong>Si</strong></span> <span class='ocrx_word' id='word_1_26' title='bbox 1326 762 1442 833; x_wconf 82' lang='lat' dir='ltr'><strong>lex</strong></span> <span class='ocrx_word' id='word_1_27' title='bbox 1486 763 1579 834; x_wconf 88' lang='lat' dir='ltr'><strong>sit</strong></span> <span class='ocrx_word' id='word_1_28' title='bbox 1601 772 1694 848; x_wconf 86' lang='lat'><strong>¹7,</strong></span> <span class='ocrx_word' id='word_1_29' title='bbox 1740 787 1900 860; x_wconf 85' lang='lat' dir='ltr'><strong>quae</strong></span> <span class='ocrx_word' id='word_1_30' title='bbox 1927 761 2184 859; x_wconf 85' lang='lat' dir='ltr'><strong>jubeat</strong></span> <span class='ocrx_word' id='word_1_31' title='bbox 2214 816 2234 848; x_wconf 94' lang='lat'><strong>,</strong></span> <span class='ocrx_word' id='word_1_32' title='bbox 2273 788 2435 851; x_wconf 76' lang='lat' dir='ltr'><strong>e08,</strong></span> <span class='ocrx_word' id='word_1_33' title='bbox 2478 767 2608 862; x_wconf 92' lang='lat' dir='ltr'><strong>qui</strong></span> 
     </span>
     <span class='ocr_line' id='line_1_6' title="bbox 475 873 2609 984; baseline -0.005 -28"><span class='ocrx_word' id='word_1_34' title='bbox 475 897 777 984; x_wconf 87' lang='lat' dir='ltr'><strong>propter</strong></span> <span class='ocrx_word' id='word_1_35' title='bbox 828 889 1329 976; x_wconf 84' lang='lat' dir='ltr'><strong>tempestatem</strong></span> <span class='ocrx_word' id='word_1_36' title='bbox 1376 875 1611 944; x_wconf 88' lang='lat' dir='ltr'><strong>navim</strong></span> <span class='ocrx_word' id='word_1_37' title='bbox 1652 873 2115 971; x_wconf 80' lang='lat' dir='ltr'><strong>reliquerint,</strong></span> <span class='ocrx_word' id='word_1_38' title='bbox 2156 877 2402 945; x_wconf 87' lang='lat' dir='ltr'><strong>omnia</strong></span> <span class='ocrx_word' id='word_1_39' title='bbox 2445 897 2609 973; x_wconf 89' lang='lat' dir='ltr'><strong>per·</strong></span> 
     </span>
     <span class='ocr_line' id='line_1_7' title="bbox 476 983 2608 1082; baseline -0.006 -17"><span class='ocrx_word' id='word_1_40' title='bbox 476 993 685 1082; x_wconf 83' lang='lat' dir='ltr'><strong>dere3</strong></span> <span class='ocrx_word' id='word_1_41' title='bbox 724 1012 977 1063; x_wconf 91' lang='lat' dir='ltr'><strong>eorum</strong></span> <span class='ocrx_word' id='word_1_42' title='bbox 1008 986 1281 1071; x_wconf 85' lang='lat' dir='ltr'><strong>navim,</strong></span> <span class='ocrx_word' id='word_1_43' title='bbox 1316 998 1700 1080; x_wconf 88' lang='lat' dir='ltr'><strong>ceteraque</strong></span> <span class='ocrx_word' id='word_1_44' title='bbox 1739 1007 1892 1054; x_wconf 86' lang='lat' dir='ltr'><strong>esse</strong></span> <span class='ocrx_word' id='word_1_45' title='bbox 1919 1037 1940 1070; x_wconf 91' lang='lat'><strong>,</strong></span> <span class='ocrx_word' id='word_1_46' title='bbox 1968 983 2027 1053; x_wconf 88' lang='lat' dir='ltr'><strong>si</strong></span> <span class='ocrx_word' id='word_1_47' title='bbox 2069 984 2269 1054; x_wconf 87' lang='lat' dir='ltr'><strong>navis</strong></span> <span class='ocrx_word' id='word_1_48' title='bbox 2317 1007 2608 1054; x_wconf 89' lang='lat' dir='ltr'><strong>conser-</strong></span> 
     </span>
     <span class='ocr_line' id='line_1_8' title="bbox 475 1093 2610 1194; baseline -0.005 -20"><span class='ocrx_word' id='word_1_49' title='bbox 475 1117 639 1174; x_wconf 80' lang='lat' dir='ltr'><strong>vata</strong></span> <span class='ocrx_word' id='word_1_50' title='bbox 696 1102 787 1171; x_wconf 88' lang='lat' dir='ltr'><strong>sit</strong></span> <span class='ocrx_word' id='word_1_51' title='bbox 818 1151 839 1186; x_wconf 96' lang='lat'><strong>,</strong></span> <span class='ocrx_word' id='word_1_52' title='bbox 900 1099 1029 1194; x_wconf 89' lang='lat' dir='ltr'><strong>qui</strong></span> <span class='ocrx_word' id='word_1_53' title='bbox 1092 1095 1568 1166; x_wconf 82' lang='lat' dir='ltr'><strong>remanserint</strong></span> <span class='ocrx_word' id='word_1_54' title='bbox 1643 1095 1716 1163; x_wconf 90' lang='lat' dir='ltr'><strong>in</strong></span> <span class='ocrx_word' id='word_1_55' title='bbox 1793 1097 1956 1164; x_wconf 86' lang='lat' dir='ltr'><strong>navi</strong></span> <span class='ocrx_word' id='word_1_56' title='bbox 2007 1119 2024 1164; x_wconf 74' lang='grc' dir='ltr'><strong><em>ε</em></strong></span> <span class='ocrx_word' id='word_1_57' title='bbox 2111 1093 2610 1192; x_wconf 84' lang='lat' dir='ltr'><strong>magnitudine</strong></span> 
     </span>
     <span class='ocr_line' id='line_1_9' title="bbox 479 1198 2612 1309; baseline -0.005 -23"><span class='ocrx_word' id='word_1_58' title='bbox 479 1198 1005 1309; x_wconf 76' lang='lat' dir='ltr'><strong>tempestatis¹⁸</strong></span> <span class='ocrx_word' id='word_1_59' title='bbox 1040 1229 1292 1277; x_wconf 83' lang='lat' dir='ltr'><strong>omnes</strong></span> <span class='ocrx_word' id='word_1_60' title='bbox 1325 1206 1687 1303; x_wconf 84' lang='lat' dir='ltr'><strong>perterriti</strong></span> <span class='ocrx_word' id='word_1_61' title='bbox 1723 1206 1960 1274; x_wconf 83' lang='lat' dir='ltr'><strong>navim</strong></span> <span class='ocrx_word' id='word_1_62' title='bbox 1997 1204 2494 1302; x_wconf 89' lang='lat' dir='ltr'><strong>reliquerunt,</strong></span> <span class='ocrx_word' id='word_1_63' title='bbox 2540 1218 2612 1276; x_wconf 92' lang='lat' dir='ltr'><strong>et</strong></span> 
     </span>
     <span class='ocr_line' id='line_1_10' title="bbox 480 1312 2610 1418; baseline -0.003 -26"><span class='ocrx_word' id='word_1_64' title='bbox 480 1324 556 1392; x_wconf 89' lang='lat' dir='ltr'><strong>in</strong></span> <span class='ocrx_word' id='word_1_65' title='bbox 582 1317 917 1418; x_wconf 87' lang='lat' dir='ltr'><strong>scapham</strong></span> <span class='ocrx_word' id='word_1_66' title='bbox 938 1312 1519 1386; x_wconf 87' lang='lat' dir='ltr'><strong>conscenderunt</strong></span> <span class='ocrx_word' id='word_1_67' title='bbox 1540 1325 1625 1399; x_wconf 84' lang='lat'><strong>¹9,</strong></span> <span class='ocrx_word' id='word_1_68' title='bbox 1666 1329 1927 1412; x_wconf 82' lang='lat' dir='ltr'><strong>praeter</strong></span> <span class='ocrx_word' id='word_1_69' title='bbox 1963 1338 2192 1384; x_wconf 88' lang='lat' dir='ltr'><strong>unum</strong></span> <span class='ocrx_word' id='word_1_70' title='bbox 2229 1329 2610 1412; x_wconf 80' lang='lat' dir='ltr'><strong>aegrotum3</strong></span> 
     </span>
     <span class='ocr_line' id='line_1_11' title="bbox 482 1415 2612 1529; baseline -0.003 -26"><span class='ocrx_word' id='word_1_71' title='bbox 482 1435 544 1503; x_wconf 88' lang='lat' dir='ltr'><strong>is</strong></span> <span class='ocrx_word' id='word_1_72' title='bbox 586 1440 888 1529; x_wconf 90' lang='lat' dir='ltr'><strong>propter</strong></span> <span class='ocrx_word' id='word_1_73' title='bbox 928 1425 1264 1497; x_wconf 87' lang='lat' dir='ltr'><strong>morbum</strong></span> <span class='ocrx_word' id='word_1_74' title='bbox 1300 1427 1497 1496; x_wconf 83' lang='lat' dir='ltr'><strong>exire</strong></span> <span class='ocrx_word' id='word_1_75' title='bbox 1525 1438 1599 1496; x_wconf 87' lang='lat' dir='ltr'><strong>et</strong></span> <span class='ocrx_word' id='word_1_76' title='bbox 1644 1422 1893 1520; x_wconf 84' lang='lat' dir='ltr'><strong>sugere</strong></span> <span class='ocrx_word' id='word_1_77' title='bbox 1921 1449 2069 1495; x_wconf 90' lang='lat' dir='ltr'><strong>non</strong></span> <span class='ocrx_word' id='word_1_78' title='bbox 2111 1415 2353 1522; x_wconf 82' lang='lat' dir='ltr'><strong>potuit</strong></span> <span class='ocrx_word' id='word_1_79' title='bbox 2384 1453 2403 1495; x_wconf 75' lang='lat' dir='ltr'><strong><em>z</em></strong></span> <span class='ocrx_word' id='word_1_80' title='bbox 2447 1449 2612 1496; x_wconf 88' lang='lat' dir='ltr'><strong>casu</strong></span> 
     </span>
     <span class='ocr_line' id='line_1_12' title="bbox 486 1533 2612 1632; baseline -0.003 -19"><span class='ocrx_word' id='word_1_81' title='bbox 486 1557 562 1614; x_wconf 89' lang='lat' dir='ltr'><strong>et</strong></span> <span class='ocrx_word' id='word_1_82' title='bbox 584 1540 893 1612; x_wconf 83' lang='lat' dir='ltr'><strong>fortuitu</strong></span> <span class='ocrx_word' id='word_1_83' title='bbox 920 1539 1117 1607; x_wconf 87' lang='lat' dir='ltr'><strong>navis</strong></span> <span class='ocrx_word' id='word_1_84' title='bbox 1140 1537 1217 1605; x_wconf 89' lang='lat' dir='ltr'><strong>in</strong></span> <span class='ocrx_word' id='word_1_85' title='bbox 1250 1549 1545 1632; x_wconf 87' lang='lat' dir='ltr'><strong>portum</strong></span> <span class='ocrx_word' id='word_1_86' title='bbox 1573 1533 1954 1606; x_wconf 86' lang='lat' dir='ltr'><strong>incolumis</strong></span> <span class='ocrx_word' id='word_1_87' title='bbox 1978 1534 2212 1607; x_wconf 90' lang='lat' dir='ltr'><strong>delata</strong></span> <span class='ocrx_word' id='word_1_88' title='bbox 2244 1549 2352 1607; x_wconf 89' lang='lat' dir='ltr'><strong>est</strong></span> <span class='ocrx_word' id='word_1_89' title='bbox 2379 1563 2395 1604; x_wconf 74' lang='grc' dir='ltr'><strong><em>ε</em></strong></span> <span class='ocrx_word' id='word_1_90' title='bbox 2421 1535 2612 1606; x_wconf 87' lang='lat' dir='ltr'><strong>illam</strong></span> 
     </span>
     <span class='ocr_line' id='line_1_13' title="bbox 484 1643 2614 1748; baseline -0.005 -26"><span class='ocrx_word' id='word_1_91' title='bbox 484 1663 795 1748; x_wconf 66' lang='lat' dir='ltr'><strong>aegrotus</strong></span> <span class='ocrx_word' id='word_1_92' title='bbox 853 1643 1172 1745; x_wconf 88' lang='lat' dir='ltr'><strong>possidet</strong></span> <span class='ocrx_word' id='word_1_93' title='bbox 1212 1672 1229 1715; x_wconf 90' lang='lat'>:</span> <span class='ocrx_word' id='word_1_94' title='bbox 1292 1645 1532 1716; x_wconf 84' lang='lat' dir='ltr'><strong>navim</strong></span> <span class='ocrx_word' id='word_1_95' title='bbox 1576 1645 1759 1742; x_wconf 88' lang='lat' dir='ltr'><strong>petit</strong></span> <span class='ocrx_word' id='word_1_96' title='bbox 1801 1643 1922 1716; x_wconf 89' lang='lat' dir='ltr'><strong>ille</strong></span> <span class='ocrx_word' id='word_1_97' title='bbox 1949 1699 1970 1732; x_wconf 94' lang='lat'><strong>,</strong></span> <span class='ocrx_word' id='word_1_98' title='bbox 2029 1645 2237 1740; x_wconf 89' lang='lat' dir='ltr'><strong>cujus</strong></span> <span class='ocrx_word' id='word_1_99' title='bbox 2297 1643 2534 1716; x_wconf 87' lang='lat' dir='ltr'><strong>fuerat</strong></span> <span class='ocrx_word' id='word_1_100' title='bbox 2561 1676 2614 1712; x_wconf 68' lang='lat' dir='ltr'><strong>n.</strong></span> 
     </span>
     <span class='ocr_line' id='line_1_14' title="bbox 488 1755 2611 1851; baseline -0.005 -18"><span class='ocrx_word' id='word_1_101' title='bbox 488 1765 657 1832; x_wconf 79' lang='lat' dir='ltr'><strong>Haec</strong></span> <span class='ocrx_word' id='word_1_102' title='bbox 692 1756 1113 1830; x_wconf 87' lang='lat' dir='ltr'><strong>constitutio</strong></span> <span class='ocrx_word' id='word_1_103' title='bbox 1153 1755 1469 1851; x_wconf 86' lang='lat' dir='ltr'><strong>legitima</strong></span> <span class='ocrx_word' id='word_1_104' title='bbox 1524 1767 1634 1825; x_wconf 88' lang='lat' dir='ltr'><strong>est</strong></span> <span class='ocrx_word' id='word_1_105' title='bbox 1687 1777 1775 1825; x_wconf 82' lang='lat' dir='ltr'><strong>ex</strong></span> <span class='ocrx_word' id='word_1_106' title='bbox 1815 1755 2086 1851; x_wconf 87' lang='lat' dir='ltr'><strong>scripto</strong></span> <span class='ocrx_word' id='word_1_107' title='bbox 2131 1768 2204 1824; x_wconf 91' lang='lat' dir='ltr'><strong>et</strong></span> <span class='ocrx_word' id='word_1_108' title='bbox 2240 1755 2611 1825; x_wconf 87' lang='lat' dir='ltr'><strong>sententia.</strong></span> 
     </span>
     <span class='ocr_line' id='line_1_15' title="bbox 488 1861 2618 1961; baseline -0.005 -18"><span class='ocrx_word' id='word_1_109' title='bbox 488 1875 595 1943; x_wconf 85' lang='lat' dir='ltr'><strong>Ex</strong></span> <span class='ocrx_word' id='word_1_110' title='bbox 628 1867 1001 1942; x_wconf 85' lang='lat' dir='ltr'><strong>contrariis</strong></span> <span class='ocrx_word' id='word_1_111' title='bbox 1035 1863 1311 1961; x_wconf 84' lang='lat' dir='ltr'><strong>legibus</strong></span> <span class='ocrx_word' id='word_1_112' title='bbox 1349 1863 1840 1935; x_wconf 83' lang='lat' dir='ltr'><strong>controversia</strong></span> <span class='ocrx_word' id='word_1_113' title='bbox 1873 1876 2192 1949; x_wconf 87' lang='lat' dir='ltr'><strong>constat,</strong></span> <span class='ocrx_word' id='word_1_114' title='bbox 2220 1885 2448 1960; x_wconf 91' lang='lat' dir='ltr'><strong>quum</strong></span> <span class='ocrx_word' id='word_1_115' title='bbox 2485 1861 2618 1932; x_wconf 87' lang='lat' dir='ltr'><strong>alia</strong></span> 
     </span>
     <span class='ocr_line' id='line_1_16' title="bbox 488 1969 2618 2076; baseline -0.005 -23"><span class='ocrx_word' id='word_1_116' title='bbox 488 1982 609 2053; x_wconf 82' lang='lat' dir='ltr'><strong>lex</strong></span> <span class='ocrx_word' id='word_1_117' title='bbox 626 1977 841 2076; x_wconf 88' lang='lat' dir='ltr'><strong>jubet</strong></span> <span class='ocrx_word' id='word_1_118' title='bbox 870 1991 995 2047; x_wconf 90' lang='lat' dir='ltr'><strong>aut</strong></span> <span class='ocrx_word' id='word_1_119' title='bbox 1020 1975 1409 2073; x_wconf 89' lang='lat' dir='ltr'><strong>permittit,</strong></span> <span class='ocrx_word' id='word_1_120' title='bbox 1456 1973 1590 2044; x_wconf 89' lang='lat' dir='ltr'><strong>alia</strong></span> <span class='ocrx_word' id='word_1_121' title='bbox 1622 1986 1818 2044; x_wconf 83' lang='lat' dir='ltr'><strong>vetat</strong></span> <span class='ocrx_word' id='word_1_122' title='bbox 1854 1973 2228 2070; x_wconf 89' lang='lat' dir='ltr'><strong>quippiam</strong></span> <span class='ocrx_word' id='word_1_123' title='bbox 2255 1969 2449 2059; x_wconf 87' lang='lat' dir='ltr'><strong>fieri,</strong></span> <span class='ocrx_word' id='word_1_124' title='bbox 2481 1971 2618 2042; x_wconf 89' lang='lat' dir='ltr'><strong>hoc</strong></span> 
     </span>
     <span class='ocr_line' id='line_1_17' title="bbox 492 2080 2621 2180; baseline -0.004 -19"><span class='ocrx_word' id='word_1_125' title='bbox 492 2086 757 2160; x_wconf 85' lang='lat' dir='ltr'><strong>modo:</strong></span> <span class='ocrx_word' id='word_1_126' title='bbox 793 2090 991 2156; x_wconf 76' lang='lat' dir='ltr'><strong>«Lex</strong></span> <span class='ocrx_word' id='word_1_127' title='bbox 1033 2097 1224 2155; x_wconf 87' lang='lat' dir='ltr'><strong>vetat</strong></span> <span class='ocrx_word' id='word_1_128' title='bbox 1263 2107 1431 2155; x_wconf 91' lang='lat' dir='ltr'><strong>eum</strong></span> <span class='ocrx_word' id='word_1_129' title='bbox 1455 2136 1476 2171; x_wconf 95' lang='lat'><strong>,</strong></span> <span class='ocrx_word' id='word_1_130' title='bbox 1520 2083 1649 2180; x_wconf 89' lang='lat' dir='ltr'><strong>qui</strong></span> <span class='ocrx_word' id='word_1_131' title='bbox 1694 2082 1785 2153; x_wconf 91' lang='lat' dir='ltr'><strong>de</strong></span> <span class='ocrx_word' id='word_1_132' title='bbox 1828 2083 2152 2180; x_wconf 88' lang='lat' dir='ltr'><strong>pecuniis</strong></span> <span class='ocrx_word' id='word_1_133' title='bbox 2203 2080 2621 2180; x_wconf 88' lang='lat' dir='ltr'><strong>repetundis</strong></span> 
     </span>
    </p>
   </div>
   <div class='ocr_carea' id='block_1_3' title="bbox 485 2303 1528 4099">
    <p class='ocr_par' dir='ltr' id='par_1_3' title="bbox 485 2303 1523 2841">
     <span class='ocr_line' id='line_1_18' title="bbox 568 2303 1517 2359; baseline -0.006 -2"><span class='ocrx_word' id='word_1_134' title='bbox 568 2308 651 2359; x_wconf 78' lang='lat'><strong>15.</strong></span> <span class='ocrx_word' id='word_1_135' title='bbox 680 2303 1080 2357; x_wconf 67' lang='lat' dir='ltr'><strong>stan-clationem.</strong></span> <span class='ocrx_word' id='word_1_136' title='bbox 1118 2303 1394 2353; x_wconf 75' lang='lat' dir='ltr'><strong>Translatio</strong></span> <span class='ocrx_word' id='word_1_137' title='bbox 1427 2317 1517 2352; x_wconf 86' lang='lat' dir='ltr'><strong>au-</strong></span> 
     </span>
     <span class='ocr_line' id='line_1_19' title="bbox 491 2382 1517 2447; baseline -0.006 -11"><span class='ocrx_word' id='word_1_138' title='bbox 491 2398 589 2436; x_wconf 87' lang='lat' dir='ltr'><strong>tem</strong></span> <span class='ocrx_word' id='word_1_139' title='bbox 614 2386 670 2435; x_wconf 80' lang='lat' dir='ltr'><strong>id</strong></span> <span class='ocrx_word' id='word_1_140' title='bbox 695 2402 797 2437; x_wconf 69' lang='lat' dir='ltr'><strong>eoae</strong></span> <span class='ocrx_word' id='word_1_141' title='bbox 829 2385 1025 2433; x_wconf 78' lang='lat' dir='ltr'><strong>videtur</strong></span> <span class='ocrx_word' id='word_1_142' title='bbox 1059 2383 1195 2447; x_wconf 83' lang='lat' dir='ltr'><strong>quod</strong></span> <span class='ocrx_word' id='word_1_143' title='bbox 1232 2382 1401 2446; x_wconf 69' lang='lat' dir='ltr'><strong>gallice</strong></span> <span class='ocrx_word' id='word_1_144' title='bbox 1424 2398 1517 2430; x_wconf 78' lang='lat' dir='ltr'><strong>vo-</strong></span> 
     </span>
     <span class='ocr_line' id='line_1_20' title="bbox 492 2458 1519 2531; baseline -0.008 -17"><span class='ocrx_word' id='word_1_145' title='bbox 492 2480 657 2514; x_wconf 69' lang='lat' dir='ltr'><strong>camus</strong></span> <span class='ocrx_word' id='word_1_146' title='bbox 671 2498 688 2525; x_wconf 96' lang='lat'><strong>,</strong></span> <span class='ocrx_word' id='word_1_147' title='bbox 700 2464 785 2531; x_wconf 81' lang='lat' dir='ltr'><strong>fin</strong></span> <span class='ocrx_word' id='word_1_148' title='bbox 813 2462 876 2512; x_wconf 77' lang='lat' dir='ltr'><strong>de</strong></span> <span class='ocrx_word' id='word_1_149' title='bbox 902 2478 1001 2509; x_wconf 77' lang='lat' dir='ltr'><strong>non</strong></span> <span class='ocrx_word' id='word_1_150' title='bbox 1033 2460 1256 2516; x_wconf 73' lang='lat' dir='ltr'><strong>mcevoir,</strong></span> <span class='ocrx_word' id='word_1_151' title='bbox 1297 2458 1519 2525; x_wconf 76' lang='lat' dir='ltr'><strong>question</strong></span> 
     </span>
     <span class='ocr_line' id='line_1_21' title="bbox 485 2538 1518 2607; baseline -0.002 -18"><span class='ocrx_word' id='word_1_152' title='bbox 485 2540 853 2607; x_wconf 66' lang='lat' dir='ltr'><strong>prejudicielle,</strong></span> <span class='ocrx_word' id='word_1_153' title='bbox 884 2556 1039 2604; x_wconf 81' lang='lat' dir='ltr'><strong>quum</strong></span> <span class='ocrx_word' id='word_1_154' title='bbox 1065 2538 1129 2587; x_wconf 80' lang='lat' dir='ltr'><strong>ad</strong></span> <span class='ocrx_word' id='word_1_155' title='bbox 1155 2538 1279 2587; x_wconf 70' lang='lat' dir='ltr'><strong>alios</strong></span> <span class='ocrx_word' id='word_1_156' title='bbox 1299 2538 1518 2600; x_wconf 73' lang='lat' dir='ltr'><strong>judiees,</strong></span> 
     </span>
     <span class='ocr_line' id='line_1_22' title="bbox 494 2618 1523 2682; baseline -0.003 -13"><span class='ocrx_word' id='word_1_157' title='bbox 494 2621 643 2669; x_wconf 85' lang='lat' dir='ltr'><strong>alium</strong></span> <span class='ocrx_word' id='word_1_158' title='bbox 678 2630 1009 2668; x_wconf 72' lang='lat' dir='ltr'><strong>accusatorem</strong></span> <span class='ocrx_word' id='word_1_159' title='bbox 1022 2653 1036 2678; x_wconf 91' lang='lat'><strong>,</strong></span> <span class='ocrx_word' id='word_1_160' title='bbox 1065 2618 1198 2667; x_wconf 83' lang='lat' dir='ltr'><strong>aliud</strong></span> <span class='ocrx_word' id='word_1_161' title='bbox 1233 2618 1523 2682; x_wconf 75' lang='lat' dir='ltr'><strong>qnaeationia</strong></span> 
     </span>
     <span class='ocr_line' id='line_1_23' title="bbox 496 2698 1522 2763; baseline -0.002 -17"><span class='ocrx_word' id='word_1_162' title='bbox 496 2714 649 2763; x_wconf 70' lang='lat' dir='ltr'><strong>genua</strong></span> <span class='ocrx_word' id='word_1_163' title='bbox 670 2698 919 2746; x_wconf 68' lang='lat' dir='ltr'><strong>mnuferri</strong></span> <span class='ocrx_word' id='word_1_164' title='bbox 944 2713 1045 2745; x_wconf 84' lang='lat' dir='ltr'><strong>rem</strong></span> <span class='ocrx_word' id='word_1_165' title='bbox 1068 2706 1295 2761; x_wconf 82' lang='lat' dir='ltr'><strong>oportere</strong></span> <span class='ocrx_word' id='word_1_166' title='bbox 1314 2706 1522 2745; x_wconf 85' lang='lat' dir='ltr'><strong>conten-</strong></span> 
     </span>
     <span class='ocr_line' id='line_1_24' title="bbox 494 2775 1307 2841; baseline 0.001 -16"><span class='ocrx_word' id='word_1_167' title='bbox 494 2778 672 2826; x_wconf 70' lang='lat' dir='ltr'><strong>dimus.</strong></span> <span class='ocrx_word' id='word_1_168' title='bbox 693 2776 823 2826; x_wconf 74' lang='lat' dir='ltr'><strong>Vide</strong></span> <span class='ocrx_word' id='word_1_169' title='bbox 849 2776 914 2826; x_wconf 80' lang='lat' dir='ltr'><strong>ad</strong></span> <span class='ocrx_word' id='word_1_170' title='bbox 936 2776 1082 2825; x_wconf 78' lang='lat' dir='ltr'><strong>finem</strong></span> <span class='ocrx_word' id='word_1_171' title='bbox 1118 2775 1307 2841; x_wconf 78' lang='lat' dir='ltr'><strong>capitia.</strong></span> 
     </span>
    </p>

    <p class='ocr_par' dir='ltr' id='par_1_4' title="bbox 498 2854 1520 2987">
     <span class='ocr_line' id='line_1_25' title="bbox 574 2854 1520 2921; baseline 0 -17"><span class='ocrx_word' id='word_1_172' title='bbox 574 2858 655 2906; x_wconf 82' lang='lat'><strong>16.</strong></span> <span class='ocrx_word' id='word_1_173' title='bbox 706 2856 1168 2906; x_wconf 67' lang='lat' dir='ltr'><strong>Ratiocinationem.</strong></span> <span class='ocrx_word' id='word_1_174' title='bbox 1209 2854 1520 2921; x_wconf 72' lang='lat' dir='ltr'><strong>L&#39;analogie.</strong></span> 
     </span>
     <span class='ocr_line' id='line_1_26' title="bbox 498 2935 769 2987; baseline 0.007 -2"><span class='ocrx_word' id='word_1_175' title='bbox 498 2936 625 2985; x_wconf 81' lang='lat' dir='ltr'><strong>vide</strong></span> <span class='ocrx_word' id='word_1_176' title='bbox 641 2935 769 2987; x_wconf 85' lang='lat' dir='ltr'><strong>ibid.</strong></span> 
     </span>
    </p>

    <p class='ocr_par' dir='ltr' id='par_1_5' title="bbox 495 3010 1526 3787">
     <span class='ocr_line' id='line_1_27' title="bbox 572 3010 1521 3077; baseline -0.001 -15"><span class='ocrx_word' id='word_1_177' title='bbox 572 3031 653 3077; x_wconf 81' lang='lat'><strong>¹7·</strong></span> <span class='ocrx_word' id='word_1_178' title='bbox 666 3016 719 3063; x_wconf 71' lang='lat' dir='ltr'><strong>Sa·</strong></span> <span class='ocrx_word' id='word_1_179' title='bbox 734 3016 818 3063; x_wconf 75' lang='lat' dir='ltr'><strong>Iex</strong></span> <span class='ocrx_word' id='word_1_180' title='bbox 833 3014 909 3064; x_wconf 78' lang='lat' dir='ltr'><strong>sie.</strong></span> <span class='ocrx_word' id='word_1_181' title='bbox 924 3014 1005 3061; x_wconf 84' lang='lat' dir='ltr'><strong>Sic</strong></span> <span class='ocrx_word' id='word_1_182' title='bbox 1022 3013 1185 3077; x_wconf 71' lang='lat' dir='ltr'><strong>plut-ea</strong></span> <span class='ocrx_word' id='word_1_183' title='bbox 1198 3013 1321 3069; x_wconf 79' lang='lat' dir='ltr'><strong>MSS</strong></span> <span class='ocrx_word' id='word_1_184' title='bbox 1337 3023 1388 3060; x_wconf 81' lang='lat' dir='ltr'><strong>et</strong></span> <span class='ocrx_word' id='word_1_185' title='bbox 1406 3010 1521 3061; x_wconf 75' lang='lat' dir='ltr'><strong>odd.</strong></span> 
     </span>
     <span class='ocr_line' id='line_1_28' title="bbox 496 3092 1522 3153; baseline -0.004 -9"><span class='ocrx_word' id='word_1_186' title='bbox 496 3104 678 3144; x_wconf 63' lang='lat' dir='ltr'><strong>noem</strong></span> <span class='ocrx_word' id='word_1_187' title='bbox 709 3104 895 3142; x_wconf 72' lang='lat' dir='ltr'><strong>veteres</strong></span> <span class='ocrx_word' id='word_1_188' title='bbox 920 3108 1089 3140; x_wconf 72' lang='lat' dir='ltr'><strong>omnes</strong></span> <span class='ocrx_word' id='word_1_189' title='bbox 1112 3124 1130 3153; x_wconf 85' lang='lat'><strong>,</strong></span> <span class='ocrx_word' id='word_1_190' title='bbox 1173 3099 1304 3153; x_wconf 68' lang='lat'><strong>1474</strong></span> <span class='ocrx_word' id='word_1_191' title='bbox 1328 3126 1344 3151; x_wconf 89' lang='lat'><strong>,</strong></span> <span class='ocrx_word' id='word_1_192' title='bbox 1384 3092 1522 3141; x_wconf 74' lang='lat' dir='ltr'><strong>Med.</strong></span> 
     </span>
     <span class='ocr_line' id='line_1_29' title="bbox 495 3170 1522 3223; baseline -0.004 0"><span class='ocrx_word' id='word_1_193' title='bbox 495 3176 528 3223; x_wconf 87' lang='lat' dir='ltr'><strong>J</strong></span> <span class='ocrx_word' id='word_1_194' title='bbox 531 3182 635 3223; x_wconf 81' lang='lat' dir='ltr'><strong>unt.</strong></span> <span class='ocrx_word' id='word_1_195' title='bbox 671 3170 787 3219; x_wconf 77' lang='lat' dir='ltr'><strong>Ald.</strong></span> <span class='ocrx_word' id='word_1_196' title='bbox 812 3172 957 3219; x_wconf 84' lang='lat' dir='ltr'><strong>etiam</strong></span> <span class='ocrx_word' id='word_1_197' title='bbox 987 3171 1119 3217; x_wconf 78' lang='lat' dir='ltr'><strong>Vict.</strong></span> <span class='ocrx_word' id='word_1_198' title='bbox 1156 3170 1385 3219; x_wconf 82' lang='lat' dir='ltr'><strong>Cratand.</strong></span> <span class='ocrx_word' id='word_1_199' title='bbox 1426 3181 1522 3219; x_wconf 83' lang='lat' dir='ltr'><strong>ete.</strong></span> 
     </span>
     <span class='ocr_line' id='line_1_30' title="bbox 499 3247 1523 3315; baseline -0.001 -16"><span class='ocrx_word' id='word_1_200' title='bbox 499 3250 724 3315; x_wconf 66' lang='lat' dir='ltr'><strong>quadam</strong></span> <span class='ocrx_word' id='word_1_201' title='bbox 753 3261 911 3298; x_wconf 83' lang='lat' dir='ltr'><strong>tamen</strong></span> <span class='ocrx_word' id='word_1_202' title='bbox 944 3269 967 3292; x_wconf 79' lang='grc' dir='ltr'><strong>ιι</strong></span> <span class='ocrx_word' id='word_1_203' title='bbox 988 3248 1031 3296; x_wconf 81' lang='lat' dir='ltr'><strong>ai</strong></span> <span class='ocrx_word' id='word_1_204' title='bbox 1050 3252 1114 3296; x_wconf 80' lang='lat' dir='ltr'><strong>ait</strong></span> <span class='ocrx_word' id='word_1_205' title='bbox 1133 3247 1215 3296; x_wconf 80' lang='lat' dir='ltr'><strong>lex</strong></span> <span class='ocrx_word' id='word_1_206' title='bbox 1231 3270 1272 3297; x_wconf 73' lang='grc' dir='ltr'><strong>ιο.</strong></span> <span class='ocrx_word' id='word_1_207' title='bbox 1296 3250 1427 3299; x_wconf 67' lang='lat' dir='ltr'><strong>Ean.</strong></span> <span class='ocrx_word' id='word_1_208' title='bbox 1450 3274 1523 3287; x_wconf 89' lang='lat'><strong>-—</strong></span> 
     </span>
     <span class='ocr_line' id='line_1_31' title="bbox 500 3325 1522 3392; baseline -0.004 -13"><span class='ocrx_word' id='word_1_209' title='bbox 500 3326 698 3379; x_wconf 74' lang='lat' dir='ltr'><strong>Sohfitz.</strong></span> <span class='ocrx_word' id='word_1_210' title='bbox 727 3350 754 3372; x_wconf 76' lang='lat' dir='ltr'><strong>er</strong></span> <span class='ocrx_word' id='word_1_211' title='bbox 769 3330 834 3376; x_wconf 75' lang='lat' dir='ltr'><strong>ait</strong></span> <span class='ocrx_word' id='word_1_212' title='bbox 858 3328 939 3377; x_wconf 83' lang='lat' dir='ltr'><strong>lex</strong></span> <span class='ocrx_word' id='word_1_213' title='bbox 952 3349 1000 3377; x_wconf 70' lang='lat' dir='ltr'><strong>n.</strong></span> <span class='ocrx_word' id='word_1_214' title='bbox 1029 3330 1103 3375; x_wconf 85' lang='lat' dir='ltr'><strong>Ita</strong></span> <span class='ocrx_word' id='word_1_215' title='bbox 1127 3325 1383 3392; x_wconf 80' lang='lat' dir='ltr'><strong>legendum</strong></span> <span class='ocrx_word' id='word_1_216' title='bbox 1400 3364 1416 3389; x_wconf 86' lang='lat'><strong>,</strong></span> <span class='ocrx_word' id='word_1_217' title='bbox 1440 3327 1522 3375; x_wconf 84' lang='lat' dir='ltr'><strong>in·</strong></span> 
     </span>
     <span class='ocr_line' id='line_1_32' title="bbox 502 3405 1523 3474; baseline -0.003 -17"><span class='ocrx_word' id='word_1_218' title='bbox 502 3410 609 3474; x_wconf 82' lang='lat' dir='ltr'><strong>quit</strong></span> <span class='ocrx_word' id='word_1_219' title='bbox 620 3444 635 3467; x_wconf 95' lang='lat'><strong>,</strong></span> <span class='ocrx_word' id='word_1_220' title='bbox 650 3424 762 3457; x_wconf 87' lang='lat' dir='ltr'><strong>cnm</strong></span> <span class='ocrx_word' id='word_1_221' title='bbox 778 3407 997 3472; x_wconf 70' lang='lat' dir='ltr'><strong>pluribus</strong></span> <span class='ocrx_word' id='word_1_222' title='bbox 1014 3405 1153 3454; x_wconf 82' lang='lat' dir='ltr'><strong>editt.</strong></span> <span class='ocrx_word' id='word_1_223' title='bbox 1167 3405 1256 3453; x_wconf 81' lang='lat' dir='ltr'><strong>etai</strong></span> <span class='ocrx_word' id='word_1_224' title='bbox 1276 3406 1496 3455; x_wconf 67' lang='lat' dir='ltr'><strong>Graevius</strong></span> <span class='ocrx_word' id='word_1_225' title='bbox 1507 3440 1523 3465; x_wconf 93' lang='lat'><strong>,</strong></span> 
     </span>
     <span class='ocr_line' id='line_1_33' title="bbox 504 3485 1524 3553; baseline -0.003 -17"><span class='ocrx_word' id='word_1_226' title='bbox 504 3504 651 3553; x_wconf 78' lang='lat' dir='ltr'><strong>quem</strong></span> <span class='ocrx_word' id='word_1_227' title='bbox 686 3486 819 3536; x_wconf 85' lang='lat' dir='ltr'><strong>Oud.</strong></span> <span class='ocrx_word' id='word_1_228' title='bbox 858 3497 909 3534; x_wconf 85' lang='lat' dir='ltr'><strong>et</strong></span> <span class='ocrx_word' id='word_1_229' title='bbox 940 3486 1055 3534; x_wconf 81' lang='lat' dir='ltr'><strong>an.</strong></span> <span class='ocrx_word' id='word_1_230' title='bbox 1092 3485 1284 3549; x_wconf 79' lang='lat' dir='ltr'><strong>aequati</strong></span> <span class='ocrx_word' id='word_1_231' title='bbox 1318 3494 1459 3542; x_wconf 77' lang='lat' dir='ltr'><strong>aunt,</strong></span> <span class='ocrx_word' id='word_1_232' title='bbox 1495 3500 1524 3533; x_wconf 86' lang='lat' dir='ltr'><strong>e</strong></span> 
     </span>
     <span class='ocr_line' id='line_1_34' title="bbox 503 3561 1521 3627; baseline -0.004 -10"><span class='ocrx_word' id='word_1_233' title='bbox 503 3567 617 3617; x_wconf 81' lang='lat' dir='ltr'><strong>eod.</strong></span> <span class='ocrx_word' id='word_1_234' title='bbox 633 3566 733 3615; x_wconf 79' lang='lat' dir='ltr'><strong>Ers.</strong></span> <span class='ocrx_word' id='word_1_235' title='bbox 750 3568 952 3613; x_wconf 78' lang='lat' dir='ltr'><strong>Putean.</strong></span> <span class='ocrx_word' id='word_1_236' title='bbox 965 3563 1083 3611; x_wconf 83' lang='lat' dir='ltr'><strong>edit.</strong></span> <span class='ocrx_word' id='word_1_237' title='bbox 1101 3561 1271 3627; x_wconf 78' lang='lat' dir='ltr'><strong>steph.</strong></span> <span class='ocrx_word' id='word_1_238' title='bbox 1286 3562 1521 3613; x_wconf 75' lang='lat' dir='ltr'><strong>Cratand-</strong></span> 
     </span>
     <span class='ocr_line' id='line_1_35' title="bbox 506 3638 1526 3708; baseline -0.005 -14"><span class='ocrx_word' id='word_1_239' title='bbox 506 3657 557 3694; x_wconf 89' lang='lat' dir='ltr'><strong>et</strong></span> <span class='ocrx_word' id='word_1_240' title='bbox 572 3645 638 3693; x_wconf 83' lang='lat' dir='ltr'><strong>al.</strong></span> <span class='ocrx_word' id='word_1_241' title='bbox 657 3641 1009 3708; x_wconf 64' lang='lat' dir='ltr'><strong>preferendum</strong></span> <span class='ocrx_word' id='word_1_242' title='bbox 1024 3640 1211 3689; x_wconf 78' lang='lat' dir='ltr'><strong>cenauit</strong></span> <span class='ocrx_word' id='word_1_243' title='bbox 1226 3640 1305 3687; x_wconf 73' lang='lat' dir='ltr'><strong>nai</strong></span> <span class='ocrx_word' id='word_1_244' title='bbox 1318 3640 1379 3688; x_wconf 80' lang='lat' dir='ltr'><strong>ait</strong></span> <span class='ocrx_word' id='word_1_245' title='bbox 1391 3638 1475 3688; x_wconf 77' lang='lat' dir='ltr'><strong>lex</strong></span> <span class='ocrx_word' id='word_1_246' title='bbox 1482 3662 1526 3689; x_wconf 76' lang='grc' dir='ltr'><strong>ι.</strong></span> 
     </span>
     <span class='ocr_line' id='line_1_36' title="bbox 508 3718 1395 3787; baseline -0.005 -15"><span class='ocrx_word' id='word_1_247' title='bbox 508 3727 688 3772; x_wconf 82' lang='lat' dir='ltr'><strong>Verum</strong></span> <span class='ocrx_word' id='word_1_248' title='bbox 710 3724 781 3771; x_wconf 74' lang='lat' dir='ltr'><strong>sic</strong></span> <span class='ocrx_word' id='word_1_249' title='bbox 798 3722 1005 3787; x_wconf 67' lang='lat' dir='ltr'><strong>protasia</strong></span> <span class='ocrx_word' id='word_1_250' title='bbox 1023 3730 1153 3768; x_wconf 83' lang='lat' dir='ltr'><strong>caret</strong></span> <span class='ocrx_word' id='word_1_251' title='bbox 1172 3718 1395 3784; x_wconf 79' lang='lat' dir='ltr'><strong>apodosi.</strong></span> 
     </span>
    </p>

    <p class='ocr_par' dir='ltr' id='par_1_6' title="bbox 494 3794 1528 4099">
     <span class='ocr_line' id='line_1_37' title="bbox 582 3794 1528 3867; baseline -0.002 -18"><span class='ocrx_word' id='word_1_252' title='bbox 582 3802 663 3851; x_wconf 75' lang='lat'><strong>18.</strong></span> <span class='ocrx_word' id='word_1_253' title='bbox 691 3800 1034 3867; x_wconf 73' lang='lat' dir='ltr'><strong>Magnitudine</strong></span> <span class='ocrx_word' id='word_1_254' title='bbox 1058 3794 1528 3863; x_wconf 71' lang='lat' dir='ltr'><strong>tempestatis&#39;omnes</strong></span> 
     </span>
     <span class='ocr_line' id='line_1_38' title="bbox 494 3876 1525 3945; baseline -0.003 -17"><span class='ocrx_word' id='word_1_255' title='bbox 494 3878 741 3945; x_wconf 69' lang='lat' dir='ltr'><strong>per-reniti</strong></span> <span class='ocrx_word' id='word_1_256' title='bbox 764 3879 924 3927; x_wconf 74' lang='lat' dir='ltr'><strong>navim</strong></span> <span class='ocrx_word' id='word_1_257' title='bbox 952 3877 1265 3944; x_wconf 76' lang='lat' dir='ltr'><strong>reliquerunt.</strong></span> <span class='ocrx_word' id='word_1_258' title='bbox 1294 3878 1407 3924; x_wconf 86' lang='lat' dir='ltr'><strong>Sine</strong></span> <span class='ocrx_word' id='word_1_259' title='bbox 1434 3876 1525 3925; x_wconf 86' lang='lat' dir='ltr'><strong>dn-</strong></span> 
     </span>
     <span class='ocr_line' id='line_1_39' title="bbox 506 3955 1526 4024; baseline -0.005 -17"><span class='ocrx_word' id='word_1_260' title='bbox 506 3960 591 4007; x_wconf 87' lang='lat' dir='ltr'><strong>bio</strong></span> <span class='ocrx_word' id='word_1_261' title='bbox 614 3958 800 4024; x_wconf 86' lang='lat' dir='ltr'><strong>aliquid</strong></span> <span class='ocrx_word' id='word_1_262' title='bbox 820 3969 933 4007; x_wconf 76' lang='lat' dir='ltr'><strong>ante</strong></span> <span class='ocrx_word' id='word_1_263' title='bbox 949 3980 975 4001; x_wconf 71' lang='grc' dir='ltr'>ι</span> <span class='ocrx_word' id='word_1_264' title='bbox 990 3955 1321 4021; x_wconf 80' lang='lat' dir='ltr'><strong>magnitudine</strong></span> <span class='ocrx_word' id='word_1_265' title='bbox 1342 3965 1526 4021; x_wconf 82' lang='lat' dir='ltr'><strong>tempe·</strong></span> 
     </span>
     <span class='ocr_line' id='line_1_40' title="bbox 501 4034 1523 4099; baseline -0.003 -13"><span class='ocrx_word' id='word_1_266' title='bbox 501 4038 639 4086; x_wconf 68' lang='lat' dir='ltr'><strong>atatis</strong></span> <span class='ocrx_word' id='word_1_267' title='bbox 659 4059 685 4080; x_wconf 79' lang='grc' dir='ltr'><strong>ιι</strong></span> <span class='ocrx_word' id='word_1_268' title='bbox 716 4038 929 4096; x_wconf 83' lang='lat' dir='ltr'><strong>excidit,</strong></span> <span class='ocrx_word' id='word_1_269' title='bbox 974 4051 1146 4099; x_wconf 83' lang='lat' dir='ltr'><strong>nempe</strong></span> <span class='ocrx_word' id='word_1_270' title='bbox 1182 4034 1375 4083; x_wconf 81' lang='lat' dir='ltr'><strong>initium</strong></span> <span class='ocrx_word' id='word_1_271' title='bbox 1407 4051 1523 4083; x_wconf 85' lang='lat' dir='ltr'><strong>nar-</strong></span> 
     </span>
    </p>
   </div>
   <div class='ocr_carea' id='block_1_4' title="bbox 1604 2300 2639 4087">
    <p class='ocr_par' dir='ltr' id='par_1_7' title="bbox 1604 2300 2630 3220">
     <span class='ocr_line' id='line_1_41' title="bbox 1606 2300 2622 2352; baseline 0.002 -2"><span class='ocrx_word' id='word_1_272' title='bbox 1606 2300 1825 2351; x_wconf 71' lang='lat' dir='ltr'><strong>rationis.</strong></span> <span class='ocrx_word' id='word_1_273' title='bbox 1873 2301 1998 2352; x_wconf 83' lang='lat' dir='ltr'><strong>Nam</strong></span> <span class='ocrx_word' id='word_1_274' title='bbox 2046 2301 2088 2351; x_wconf 82' lang='lat' dir='ltr'><strong>ai</strong></span> <span class='ocrx_word' id='word_1_275' title='bbox 2134 2301 2341 2352; x_wconf 86' lang='lat' dir='ltr'><strong>maxime</strong></span> <span class='ocrx_word' id='word_1_276' title='bbox 2390 2300 2622 2352; x_wconf 73' lang='lat' dir='ltr'><strong>addamu-</strong></span> 
     </span>
     <span class='ocr_line' id='line_1_42' title="bbox 1604 2380 2626 2446; baseline 0.001 -18"><span class='ocrx_word' id='word_1_277' title='bbox 1604 2380 1807 2445; x_wconf 74' lang='lat' dir='ltr'><strong>qut&#39;dam</strong></span> <span class='ocrx_word' id='word_1_278' title='bbox 1823 2414 1838 2440; x_wconf 86' lang='lat'>‚</span> <span class='ocrx_word' id='word_1_279' title='bbox 1865 2392 1926 2429; x_wconf 85' lang='lat' dir='ltr'><strong>ut</strong></span> <span class='ocrx_word' id='word_1_280' title='bbox 1953 2389 2026 2429; x_wconf 82' lang='lat' dir='ltr'><strong>eat</strong></span> <span class='ocrx_word' id='word_1_281' title='bbox 2049 2380 2104 2430; x_wconf 82' lang='lat' dir='ltr'><strong>in</strong></span> <span class='ocrx_word' id='word_1_282' title='bbox 2131 2382 2257 2431; x_wconf 85' lang='lat' dir='ltr'><strong>MSS</strong></span> <span class='ocrx_word' id='word_1_283' title='bbox 2287 2381 2418 2446; x_wconf 75' lang='lat' dir='ltr'><strong>Lipa.</strong></span> <span class='ocrx_word' id='word_1_284' title='bbox 2445 2392 2494 2429; x_wconf 88' lang='lat' dir='ltr'><strong>et</strong></span> <span class='ocrx_word' id='word_1_285' title='bbox 2517 2382 2626 2430; x_wconf 79' lang='lat' dir='ltr'><strong>aliia</strong></span> 
     </span>
     <span class='ocr_line' id='line_1_43' title="bbox 1606 2458 2626 2524; baseline 0.002 -17"><span class='ocrx_word' id='word_1_286' title='bbox 1606 2476 1684 2524; x_wconf 84' lang='lat' dir='ltr'><strong>ap.</strong></span> <span class='ocrx_word' id='word_1_287' title='bbox 1707 2460 1842 2509; x_wconf 78' lang='lat' dir='ltr'><strong>Oud.</strong></span> <span class='ocrx_word' id='word_1_288' title='bbox 1863 2476 1939 2508; x_wconf 77' lang='lat' dir='ltr'><strong>rea</strong></span> <span class='ocrx_word' id='word_1_289' title='bbox 1960 2476 2064 2509; x_wconf 84' lang='lat' dir='ltr'><strong>non</strong></span> <span class='ocrx_word' id='word_1_290' title='bbox 2083 2458 2358 2509; x_wconf 78' lang='lat' dir='ltr'><strong>conficitur.</strong></span> <span class='ocrx_word' id='word_1_291' title='bbox 2381 2459 2476 2508; x_wconf 75' lang='lat' dir='ltr'><strong>sed</strong></span> <span class='ocrx_word' id='word_1_292' title='bbox 2492 2461 2626 2509; x_wconf 86' lang='lat' dir='ltr'><strong>lacn-</strong></span> 
     </span>
     <span class='ocr_line' id='line_1_44' title="bbox 1608 2538 2626 2603; baseline 0.001 -16"><span class='ocrx_word' id='word_1_293' title='bbox 1608 2554 1686 2587; x_wconf 69' lang='lat' dir='ltr'><strong>noe</strong></span> <span class='ocrx_word' id='word_1_294' title='bbox 1699 2538 1954 2603; x_wconf 64' lang='lat' dir='ltr'><strong>explenda</strong></span> <span class='ocrx_word' id='word_1_295' title='bbox 1969 2538 2092 2587; x_wconf 78' lang='lat' dir='ltr'><strong>nihil</strong></span> <span class='ocrx_word' id='word_1_296' title='bbox 2109 2555 2200 2587; x_wconf 88' lang='lat' dir='ltr'><strong>nec</strong></span> <span class='ocrx_word' id='word_1_297' title='bbox 2221 2540 2276 2586; x_wconf 88' lang='lat' dir='ltr'><strong>in</strong></span> <span class='ocrx_word' id='word_1_298' title='bbox 2293 2540 2510 2603; x_wconf 70' lang='lat' dir='ltr'><strong>scriptia,</strong></span> <span class='ocrx_word' id='word_1_299' title='bbox 2533 2556 2626 2588; x_wconf 86' lang='lat' dir='ltr'><strong>nec</strong></span> 
     </span>
     <span class='ocr_line' id='line_1_45' title="bbox 1609 2616 2626 2683; baseline 0.001 -18"><span class='ocrx_word' id='word_1_300' title='bbox 1609 2618 1664 2665; x_wconf 84' lang='lat' dir='ltr'><strong>in</strong></span> <span class='ocrx_word' id='word_1_301' title='bbox 1690 2619 1835 2667; x_wconf 73' lang='lat' dir='ltr'><strong>editis</strong></span> <span class='ocrx_word' id='word_1_302' title='bbox 1855 2619 2029 2682; x_wconf 83' lang='lat' dir='ltr'><strong>reperi.</strong></span> <span class='ocrx_word' id='word_1_303' title='bbox 2053 2619 2191 2667; x_wconf 67' lang='lat' dir='ltr'><strong>Ean.</strong></span> <span class='ocrx_word' id='word_1_304' title='bbox 2219 2644 2287 2657; x_wconf 69' lang='grc'><strong>«-</strong></span> <span class='ocrx_word' id='word_1_305' title='bbox 2317 2616 2516 2669; x_wconf 74' lang='lat' dir='ltr'><strong>schiitz.</strong></span> <span class='ocrx_word' id='word_1_306' title='bbox 2540 2620 2626 2683; x_wconf 83' lang='lat' dir='ltr'><strong>qni</strong></span> 
     </span>
     <span class='ocr_line' id='line_1_46' title="bbox 1610 2696 2622 2762; baseline 0 -17"><span class='ocrx_word' id='word_1_307' title='bbox 1610 2696 1750 2746; x_wconf 86' lang='lat' dir='ltr'><strong>addit</strong></span> <span class='ocrx_word' id='word_1_308' title='bbox 1771 2697 1975 2762; x_wconf 75' lang='lat' dir='ltr'><strong>quidam</strong></span> <span class='ocrx_word' id='word_1_309' title='bbox 2005 2707 2117 2745; x_wconf 81' lang='lat' dir='ltr'><strong>ante</strong></span> <span class='ocrx_word' id='word_1_310' title='bbox 2141 2698 2410 2761; x_wconf 82' lang='lat' dir='ltr'><strong>perterriti,</strong></span> <span class='ocrx_word' id='word_1_311' title='bbox 2437 2708 2622 2756; x_wconf 77' lang='lat' dir='ltr'><strong>censet,</strong></span> 
     </span>
     <span class='ocr_line' id='line_1_47' title="bbox 1606 2776 2626 2841; baseline -0.002 -16"><span class='ocrx_word' id='word_1_312' title='bbox 1606 2778 1649 2825; x_wconf 79' lang='lat' dir='ltr'><strong>ai</strong></span> <span class='ocrx_word' id='word_1_313' title='bbox 1665 2778 1734 2825; x_wconf 85' lang='lat' dir='ltr'><strong>ita</strong></span> <span class='ocrx_word' id='word_1_314' title='bbox 1750 2777 1990 2841; x_wconf 73' lang='lat' dir='ltr'><strong>legamus,</strong></span> <span class='ocrx_word' id='word_1_315' title='bbox 2009 2792 2113 2825; x_wconf 86' lang='lat' dir='ltr'><strong>non</strong></span> <span class='ocrx_word' id='word_1_316' title='bbox 2135 2792 2238 2825; x_wconf 82' lang='lat' dir='ltr'><strong>eaae</strong></span> <span class='ocrx_word' id='word_1_317' title='bbox 2257 2776 2392 2841; x_wconf 81' lang='lat' dir='ltr'><strong>quod</strong></span> <span class='ocrx_word' id='word_1_318' title='bbox 2407 2778 2626 2841; x_wconf 69' lang='lat' dir='ltr'><strong>suspice-</strong></span> 
     </span>
     <span class='ocr_line' id='line_1_48' title="bbox 1606 2854 2630 2920; baseline -0.001 -16"><span class='ocrx_word' id='word_1_319' title='bbox 1606 2870 1716 2905; x_wconf 79' lang='lat' dir='ltr'><strong>mur</strong></span> <span class='ocrx_word' id='word_1_320' title='bbox 1741 2855 1962 2920; x_wconf 66' lang='lat' dir='ltr'><strong>quedam</strong></span> <span class='ocrx_word' id='word_1_321' title='bbox 1989 2866 2102 2904; x_wconf 83' lang='lat' dir='ltr'><strong>ante</strong></span> <span class='ocrx_word' id='word_1_322' title='bbox 2127 2854 2462 2920; x_wconf 73' lang='lat' dir='ltr'><strong>magnituditze</strong></span> <span class='ocrx_word' id='word_1_323' title='bbox 2493 2872 2630 2903; x_wconf 78' lang='lat' dir='ltr'><strong>exaa-</strong></span> 
     </span>
     <span class='ocr_line' id='line_1_49' title="bbox 1607 2934 2626 2998; baseline -0.002 -15"><span class='ocrx_word' id='word_1_324' title='bbox 1607 2934 1748 2983; x_wconf 61' lang='grc' dir='ltr'><strong>ἀίω.</strong></span> <span class='ocrx_word' id='word_1_325' title='bbox 1786 2934 1911 2983; x_wconf 81' lang='lat' dir='ltr'><strong>eod.</strong></span> <span class='ocrx_word' id='word_1_326' title='bbox 1943 2939 2074 2998; x_wconf 73' lang='lat' dir='ltr'><strong>Aug.</strong></span> <span class='ocrx_word' id='word_1_327' title='bbox 2105 2934 2232 2983; x_wconf 80' lang='lat' dir='ltr'><strong>hanc</strong></span> <span class='ocrx_word' id='word_1_328' title='bbox 2257 2934 2368 2983; x_wconf 85' lang='lat' dir='ltr'><strong>lect.</strong></span> <span class='ocrx_word' id='word_1_329' title='bbox 2403 2934 2626 2983; x_wconf 84' lang='lat' dir='ltr'><strong>Ceterum</strong></span> 
     </span>
     <span class='ocr_line' id='line_1_50' title="bbox 1611 3012 2626 3074; baseline -0.002 -11"><span class='ocrx_word' id='word_1_330' title='bbox 1611 3014 1748 3063; x_wconf 77' lang='lat' dir='ltr'><strong>cons.</strong></span> <span class='ocrx_word' id='word_1_331' title='bbox 1771 3014 1877 3063; x_wconf 85' lang='lat' dir='ltr'><strong>Cic.</strong></span> <span class='ocrx_word' id='word_1_332' title='bbox 1905 3014 1968 3062; x_wconf 84' lang='lat' dir='ltr'><strong>de</strong></span> <span class='ocrx_word' id='word_1_333' title='bbox 1994 3014 2104 3061; x_wconf 80' lang='lat' dir='ltr'><strong>Inv.</strong></span> <span class='ocrx_word' id='word_1_334' title='bbox 2130 3014 2211 3074; x_wconf 90' lang='lat'><strong>11,</strong></span> <span class='ocrx_word' id='word_1_335' title='bbox 2238 3014 2323 3071; x_wconf 80' lang='lat'><strong>51,</strong></span> <span class='ocrx_word' id='word_1_336' title='bbox 2349 3012 2438 3061; x_wconf 84' lang='lat' dir='ltr'><strong>ubi</strong></span> <span class='ocrx_word' id='word_1_337' title='bbox 2461 3012 2626 3061; x_wconf 83' lang='lat' dir='ltr'><strong>eadem</strong></span> 
     </span>
     <span class='ocr_line' id='line_1_51' title="bbox 1609 3090 2626 3157; baseline -0.001 -16"><span class='ocrx_word' id='word_1_338' title='bbox 1609 3093 1693 3141; x_wconf 82' lang='lat' dir='ltr'><strong>lex</strong></span> <span class='ocrx_word' id='word_1_339' title='bbox 1711 3093 1986 3141; x_wconf 74' lang='lat' dir='ltr'><strong>narratione</strong></span> <span class='ocrx_word' id='word_1_340' title='bbox 2014 3090 2182 3157; x_wconf 80' lang='lat' dir='ltr'><strong>paullo</strong></span> <span class='ocrx_word' id='word_1_341' title='bbox 2209 3090 2350 3140; x_wconf 82' lang='lat' dir='ltr'><strong>aliter</strong></span> <span class='ocrx_word' id='word_1_342' title='bbox 2369 3092 2626 3141; x_wconf 75' lang='lat' dir='ltr'><strong>informata</strong></span> 
     </span>
     <span class='ocr_line' id='line_1_52' title="bbox 1609 3170 1894 3220; baseline 0.004 -1"><span class='ocrx_word' id='word_1_343' title='bbox 1609 3170 1894 3220; x_wconf 69' lang='lat' dir='ltr'><strong>illustratur.</strong></span> 
     </span>
    </p>

    <p class='ocr_par' dir='ltr' id='par_1_8' title="bbox 1611 3249 2639 4087">
     <span class='ocr_line' id='line_1_53' title="bbox 1687 3249 2631 3315; baseline -0.002 -14"><span class='ocrx_word' id='word_1_344' title='bbox 1687 3266 1769 3315; x_wconf 83' lang='lat'><strong>19.</strong></span> <span class='ocrx_word' id='word_1_345' title='bbox 1789 3252 1856 3298; x_wconf 76' lang='lat' dir='ltr'><strong>Ee</strong></span> <span class='ocrx_word' id='word_1_346' title='bbox 1888 3250 1938 3298; x_wconf 78' lang='lat' dir='ltr'><strong>in</strong></span> <span class='ocrx_word' id='word_1_347' title='bbox 1954 3249 2198 3315; x_wconf 73' lang='lat' dir='ltr'><strong>,scapham</strong></span> <span class='ocrx_word' id='word_1_348' title='bbox 2231 3250 2631 3299; x_wconf 73' lang='lat' dir='ltr'><strong>conscenderunt.</strong></span> 
     </span>
     <span class='ocr_line' id='line_1_54' title="bbox 1612 3328 2626 3394; baseline 0.002 -17"><span class='ocrx_word' id='word_1_349' title='bbox 1612 3330 1692 3378; x_wconf 82' lang='lat' dir='ltr'><strong>Sic</strong></span> <span class='ocrx_word' id='word_1_350' title='bbox 1729 3328 1863 3378; x_wconf 84' lang='lat' dir='ltr'><strong>edidi</strong></span> <span class='ocrx_word' id='word_1_351' title='bbox 1896 3345 1989 3393; x_wconf 90' lang='lat' dir='ltr'><strong>pro</strong></span> <span class='ocrx_word' id='word_1_352' title='bbox 2023 3329 2157 3393; x_wconf 80' lang='lat' dir='ltr'><strong>vulg.</strong></span> <span class='ocrx_word' id='word_1_353' title='bbox 2191 3348 2220 3371; x_wconf 67' lang='grc' dir='ltr'><strong>α</strong></span> <span class='ocrx_word' id='word_1_354' title='bbox 2243 3344 2376 3394; x_wconf 72' lang='lat' dir='ltr'><strong>neap.</strong></span> <span class='ocrx_word' id='word_1_355' title='bbox 2415 3345 2580 3379; x_wconf 80' lang='lat' dir='ltr'><strong>comc.</strong></span> <span class='ocrx_word' id='word_1_356' title='bbox 2603 3350 2626 3371; x_wconf 78' lang='grc' dir='ltr'><strong>ι·</strong></span> 
     </span>
     <span class='ocr_line' id='line_1_55' title="bbox 1611 3406 2630 3471; baseline -0.002 -14"><span class='ocrx_word' id='word_1_357' title='bbox 1611 3408 1738 3457; x_wconf 78' lang='lat' dir='ltr'><strong>‘Nam</strong></span> <span class='ocrx_word' id='word_1_358' title='bbox 1771 3409 1824 3455; x_wconf 84' lang='lat' dir='ltr'><strong>in</strong></span> <span class='ocrx_word' id='word_1_359' title='bbox 1857 3406 1946 3455; x_wconf 82' lang='lat' dir='ltr'><strong>ino</strong></span> <span class='ocrx_word' id='word_1_360' title='bbox 1979 3422 2120 3471; x_wconf 66' lang='lat' dir='ltr'><strong>pene</strong></span> <span class='ocrx_word' id='word_1_361' title='bbox 2155 3422 2322 3455; x_wconf 72' lang='lat' dir='ltr'><strong>omne·</strong></span> <span class='ocrx_word' id='word_1_362' title='bbox 2343 3407 2485 3469; x_wconf 79' lang='lat' dir='ltr'><strong>MSS,</strong></span> <span class='ocrx_word' id='word_1_363' title='bbox 2515 3407 2630 3455; x_wconf 86' lang='lat' dir='ltr'><strong>item</strong></span> 
     </span>
     <span class='ocr_line' id='line_1_56' title="bbox 1612 3485 2634 3550; baseline -0.002 -14"><span class='ocrx_word' id='word_1_364' title='bbox 1612 3487 1726 3536; x_wconf 76' lang='lat' dir='ltr'><strong>edd.</strong></span> <span class='ocrx_word' id='word_1_365' title='bbox 1775 3497 1894 3535; x_wconf 81' lang='lat' dir='ltr'><strong>vett.</strong></span> <span class='ocrx_word' id='word_1_366' title='bbox 1951 3486 2266 3534; x_wconf 79' lang='lat' dir='ltr'><strong>conaentiunt</strong></span> <span class='ocrx_word' id='word_1_367' title='bbox 2283 3518 2300 3545; x_wconf 89' lang='lat'><strong>,</strong></span> <span class='ocrx_word' id='word_1_368' title='bbox 2356 3485 2634 3550; x_wconf 61' lang='lat' dir='ltr'><strong>diciturque</strong></span> 
     </span>
     <span class='ocr_line' id='line_1_57' title="bbox 1611 3564 2631 3615; baseline -0.002 0"><span class='ocrx_word' id='word_1_369' title='bbox 1611 3566 1738 3615; x_wconf 80' lang='lat' dir='ltr'><strong>beno</strong></span> <span class='ocrx_word' id='word_1_370' title='bbox 1758 3566 1906 3615; x_wconf 82' lang='lat' dir='ltr'><strong>latine</strong></span> <span class='ocrx_word' id='word_1_371' title='bbox 1926 3587 1952 3607; x_wconf 75' lang='grc' dir='ltr'>ι</span> <span class='ocrx_word' id='word_1_372' title='bbox 1969 3564 2294 3613; x_wconf 71' lang='lat' dir='ltr'><strong>conscendere</strong></span> <span class='ocrx_word' id='word_1_373' title='bbox 2321 3566 2372 3612; x_wconf 87' lang='lat' dir='ltr'><strong>in</strong></span> <span class='ocrx_word' id='word_1_374' title='bbox 2391 3580 2560 3612; x_wconf 79' lang='lat' dir='ltr'><strong>navem</strong></span> <span class='ocrx_word' id='word_1_375' title='bbox 2582 3585 2631 3613; x_wconf 74' lang='lat' dir='ltr'><strong>n.</strong></span> 
     </span>
     <span class='ocr_line' id='line_1_58' title="bbox 1613 3641 2634 3701; baseline -0.003 -9"><span class='ocrx_word' id='word_1_376' title='bbox 1613 3646 1744 3693; x_wconf 74' lang='lat' dir='ltr'><strong>Eu.</strong></span> <span class='ocrx_word' id='word_1_377' title='bbox 1783 3670 1854 3681; x_wconf 91' lang='lat'><strong>—-</strong></span> <span class='ocrx_word' id='word_1_378' title='bbox 1893 3644 2129 3692; x_wconf 66' lang='lat' dir='ltr'><strong>Gruterus</strong></span> <span class='ocrx_word' id='word_1_379' title='bbox 2164 3642 2298 3691; x_wconf 84' lang='lat' dir='ltr'><strong>delet</strong></span> <span class='ocrx_word' id='word_1_380' title='bbox 2335 3654 2384 3690; x_wconf 73' lang='lat' dir='ltr'><strong>et</strong></span> <span class='ocrx_word' id='word_1_381' title='bbox 2419 3641 2487 3691; x_wconf 80' lang='grc' dir='ltr'><strong>ἰη.</strong></span> <span class='ocrx_word' id='word_1_382' title='bbox 2523 3644 2634 3701; x_wconf 86' lang='lat' dir='ltr'><strong>Sic,</strong></span> 
     </span>
     <span class='ocr_line' id='line_1_59' title="bbox 1613 3722 2633 3788; baseline 0.001 -18"><span class='ocrx_word' id='word_1_383' title='bbox 1613 3724 1798 3788; x_wconf 82' lang='lat' dir='ltr'><strong>inquit,</strong></span> <span class='ocrx_word' id='word_1_384' title='bbox 1831 3722 1951 3771; x_wconf 77' lang='lat' dir='ltr'><strong>Pall-</strong></span> <span class='ocrx_word' id='word_1_385' title='bbox 1987 3734 2148 3787; x_wconf 79' lang='lat' dir='ltr'><strong>quart.</strong></span> <span class='ocrx_word' id='word_1_386' title='bbox 2185 3733 2233 3771; x_wconf 84' lang='lat' dir='ltr'><strong>et</strong></span> <span class='ocrx_word' id='word_1_387' title='bbox 2267 3733 2395 3772; x_wconf 68' lang='lat' dir='ltr'><strong>next.</strong></span> <span class='ocrx_word' id='word_1_388' title='bbox 2424 3738 2633 3786; x_wconf 81' lang='lat' dir='ltr'><strong>qnorum</strong></span> 
     </span>
     <span class='ocr_line' id='line_1_60' title="bbox 1615 3801 2636 3866; baseline -0.001 -17"><span class='ocrx_word' id='word_1_389' title='bbox 1615 3802 1824 3850; x_wconf 74' lang='lat' dir='ltr'><strong>brevitas</strong></span> <span class='ocrx_word' id='word_1_390' title='bbox 1845 3802 1966 3849; x_wconf 87' lang='lat' dir='ltr'><strong>mibi</strong></span> <span class='ocrx_word' id='word_1_391' title='bbox 1997 3801 2533 3866; x_wconf 80' lang='lat' dir='ltr'><strong>placuit.-1.ambinna</strong></span> <span class='ocrx_word' id='word_1_392' title='bbox 2557 3816 2636 3848; x_wconf 82' lang='lat' dir='ltr'><strong>re-</strong></span> 
     </span>
     <span class='ocr_line' id='line_1_61' title="bbox 1615 3879 2639 3945; baseline -0.003 -16"><span class='ocrx_word' id='word_1_393' title='bbox 1615 3880 1782 3945; x_wconf 73' lang='lat' dir='ltr'><strong>poenit</strong></span> <span class='ocrx_word' id='word_1_394' title='bbox 1799 3896 1858 3929; x_wconf 78' lang='lat' dir='ltr'><strong>ex</strong></span> <span class='ocrx_word' id='word_1_395' title='bbox 1876 3880 2077 3944; x_wconf 69' lang='lat' dir='ltr'><strong>optimis</strong></span> <span class='ocrx_word' id='word_1_396' title='bbox 2095 3903 2120 3923; x_wconf 77' lang='grc' dir='ltr'><strong>ιι</strong></span> <span class='ocrx_word' id='word_1_397' title='bbox 2140 3890 2190 3930; x_wconf 85' lang='lat' dir='ltr'><strong>et</strong></span> <span class='ocrx_word' id='word_1_398' title='bbox 2209 3882 2260 3927; x_wconf 88' lang='lat' dir='ltr'><strong>in</strong></span> <span class='ocrx_word' id='word_1_399' title='bbox 2280 3896 2351 3930; x_wconf 71' lang='lat' dir='ltr'><strong>ec.</strong></span> <span class='ocrx_word' id='word_1_400' title='bbox 2374 3879 2639 3929; x_wconf 69' lang='lat' dir='ltr'><strong>descende·</strong></span> 
     </span>
     <span class='ocr_line' id='line_1_62' title="bbox 1613 3958 2638 4025; baseline -0.002 -18"><span class='ocrx_word' id='word_1_401' title='bbox 1613 3970 1728 4007; x_wconf 84' lang='lat' dir='ltr'><strong>runt</strong></span> <span class='ocrx_word' id='word_1_402' title='bbox 1740 3981 1792 4019; x_wconf 71' lang='lat' dir='ltr'><strong>n,</strong></span> <span class='ocrx_word' id='word_1_403' title='bbox 1817 3959 1954 4023; x_wconf 85' lang='lat' dir='ltr'><strong>quod</strong></span> <span class='ocrx_word' id='word_1_404' title='bbox 1971 3958 2042 4007; x_wconf 84' lang='lat' dir='ltr'><strong>rei</strong></span> <span class='ocrx_word' id='word_1_405' title='bbox 2062 3960 2158 4025; x_wconf 64' lang='lat' dir='ltr'><strong>ipsi</strong></span> <span class='ocrx_word' id='word_1_406' title='bbox 2174 3958 2337 4024; x_wconf 83' lang='lat' dir='ltr'><strong>aptiua</strong></span> <span class='ocrx_word' id='word_1_407' title='bbox 2351 3970 2486 4009; x_wconf 83' lang='lat' dir='ltr'><strong>recte</strong></span> <span class='ocrx_word' id='word_1_408' title='bbox 2501 3958 2638 4020; x_wconf 78' lang='lat' dir='ltr'><strong>indi-</strong></span> 
     </span>
     <span class='ocr_line' id='line_1_63' title="bbox 1612 4036 1994 4087; baseline 0.003 -2"><span class='ocrx_word' id='word_1_409' title='bbox 1612 4050 1690 4086; x_wconf 78' lang='lat' dir='ltr'><strong>cat</strong></span> <span class='ocrx_word' id='word_1_410' title='bbox 1715 4036 1994 4087; x_wconf 74' lang='lat' dir='ltr'><strong>Wetzaliua.</strong></span> 
     </span>
    </p>
   </div>
  </div>
 </body>
</html>
