2982 4682
702 400 831 467 AD
879 388 1469 481 ΗΕΒΕΝΝΙΠΜ,
1517 398 1782 468 Lmen
1833 403 1938 487 11,
1991 398 2096 470 16.
2289 382 2296 389 ’
2384 426 2478 500 79

332 524 541 594 vitari
578 519 941 619 potuerit,
976 542 1060 589 ac
1088 517 1329 589 levari.
1365 518 1650 591 Deinde
1687 521 1784 606 is,
1819 522 2054 618 quiin
2089 526 2480 617 necessitas-

336 634 583 705 dinem
619 651 907 702 causam
946 626 1307 716 conferet,
1336 642 1776 727 expertusne
1809 633 1934 720 sit,
1972 632 2150 729 quid
2176 630 2476 729 contra⁵

338 744 599 828 facere,
638 756 763 813 aut
798 742 1209 836 excogitare
1245 752 1513 835 posset.
1555 738 1840 811 Deinde
1865 795 1884 824 ‚
1929 766 2114 813 num.
2153 766 2315 841 quae
2356 772 2480 817 su·

340 854 699 953 spiniones
741 875 832 921 ex
868 848 1341 944 conjecturali
1376 850 1898 922 constitutione
1935 850 2123 922 trahi
2164 858 2480 951 possint,

339 986 503 1061 quae
529 958 973 1059 significent,
999 958 1075 1029 id
1108 956 1443 1030 consulto
1477 956 1746 1033 factum
1775 983 1928 1031 esse
1948 1016 1969 1047 ‚
2001 963 2206 1059 quod
2235 987 2482 1040 neces-

341 1074 527 1143 sario
568 1064 955 1141 accidisse⁶
999 1068 1286 1139 dicitur.
1335 1067 1618 1140 Deinde
1643 1122 1662 1157 ,
1718 1070 1777 1139 si
1815 1076 2128 1143 maxime
2172 1080 2482 1149 necessi·
2531 1124 2536 1127 -

342 1178 519 1253 tudo
554 1182 909 1279 quaepiam
944 1177 1199 1266 fuerit,
1246 1180 1724 1250 conveniatne
1751 1204 1911 1251 eam
1943 1184 2110 1255 satis
2141 1184 2476 1259 idoneam

338 1312 623 1363 causam
672 1291 981 1391 putari7.
1038 1291 1111 1361 Si
1156 1302 1399 1359 aute-m
1442 1289 1934 1387 imprudentia
1973 1316 2142 1365 reus
2191 1320 2270 1367 se
2319 1322 2485 1395 pec-

339 1426 535 1475 casse
571 1400 800 1487 dicet,
828 1402 1147 1498 primum
1176 1413 1544 1496 quaeretur
1566 1454 1585 1488 ,
1619 1414 1866 1471 utrum
1903 1405 2228 1500 potuerit
2262 1410 2479 1497 scire,

340 1538 432 1584 an
456 1536 611 1583 non
648 1512 990 1609 potuerit.
1006 1508 1313 1597 Deinde,
1346 1523 1595 1579 utrum
1633 1508 1798 1581 data
1825 1511 1916 1582 sit
1941 1536 2162 1609 opera
2181 1566 2202 1601 ,
2233 1530 2316 1586 ut
2355 1521 2484 1588 sci-

339 1636 574 1711 retur,
602 1646 693 1693 an
714 1644 887 1691 non.
908 1618 1191 1691 Deinde
1215 1674 1235 1707 ,
1254 1632 1503 1690 utrum
1529 1642 1698 1691 casu
1717 1624 2056 1693 nescierit
2072 1678 2090 1713 ‚
2121 1648 2214 1696 an
2238 1627 2480 1725 culpa:

340 1756 506 1805 nam
546 1736 675 1830 qui
704 1756 780 1803 se
823 1744 1126 1830 propter
1162 1730 1453 1817 vinum,
1487 1745 1614 1801 aut
1645 1755 1966 1803 amorem
1987 1787 2005 1820 ,
2043 1748 2170 1805 aut
2193 1736 2482 1809 iracun-

340 1844 562 1932 diam,
596 1842 863 1941 fugisse
900 1844 1253 1927 rationem
1294 1839 1526 1929 dicet,
1557 1842 1620 1911 is
1651 1844 1870 1912 animi
1905 1844 2080 1915 vitio
2116 1844 2483 1921 videbitur

342 1957 688 2041 nescisse,
724 1976 875 2024 non
911 1948 1400 2048 imprudentia
1442 1978 1459 2019 t
1509 1974 1732 2047 quare
1785 1976 1934 2022 non
1994 1954 2484 2053 imprudentia

322 2088 417 2135 -se
470 2060 814 2135 defendet
842 2116 863 2149 ,
903 2058 1031 2132 sed
1076 2060 1289 2157 culpa
1333 2058 1856 2131 contaminabit
1873 2056 1930 2131 ⁸.·
1977 2064 2260 2137 Deinde
2306 2090 2483 2140 con-

337 2172 667 2271 jecturali
730 2172 1251 2245 constitutione
1306 2185 1673 2267 quaeretur
1694 2225 1713 2259 ,
1769 2186 2015 2243 utrum
2069 2176 2345 2265 scierit,
2393 2206 2482 2250 an

344 2288 815 2388 ignoraverit,
873 2302 945 2359 et
998 2280 1614 2372 considerabitur,
1671 2288 1936 2360 satisne
1991 2290 2482 2388 imprudentia

346 2397 651 2497 praesidii
702 2395 961 2470 debeat
1034 2422 1221 2485 esse,
1291 2419 1522 2494 quum
1582 2394 1849 2468 factum
1901 2423 2058 2471 esse
2083 2412 2117 2459 9
2176 2419 2481 2477 constet.

347 2513 593 2602 Quum
620 2511 698 2580 in
726 2507 1091 2581 fortunam
1118 2532 1331 2579 causa
1358 2506 1798 2597 conferetur,
1827 2522 1900 2581 et
1927 2535 2010 2582 ea
2028 2536 2107 2583 re
2143 2513 2483 2588 defensor

348 2618 615 2719 ignosci
640 2643 771 2691 reo
796 2619 988 2714 dicet
1005 2634 1344 2717 oportere
1360 2634 1389 2705 ,¹
1402 2615 1654 2690 eadem
1679 2622 1922 2692 omnia
1947 2621 2292 2696 videntur
2313 2637 2486 2698 con-

346 2728 753 2819 sideranda,
785 2755 946 2826 quae
982 2728 1076 2801 de
1106 2727 1638 2800 necessitudine
1680 2731 2090 2828 praescripta
2135 2749 2328 2805 sunt.
2358 2741 2480 2808 Et·-

348 2843 541 2913 enim
572 2863 829 2912 omnes
854 2839 965 2910 hae
1004 2853 1151 2911 tres
1180 2853 1419 2937 partes
1456 2839 1907 2937 purgationis
1934 2841 2125 2912 inter
2159 2867 2234 2915 se
2267 2843 2486 2916 finiti-

352 2977 479 3024 mae
520 2967 733 3040 sunt,
776 2966 856 3023 ut
890 2954 966 3022 in
998 2974 1253 3023 omnes
1282 2949 1536 3022 eadem
1567 2948 1721 3021 fere
1758 2951 2040 3047 possint
2071 2966 2482 3025 accommo-

349 3062 521 3154 dari.
552 3064 730 3136 Loci
762 3085 1189 3136 communes
1214 3064 1293 3132 in
1322 3061 1437 3131 his
1461 3061 1692 3132 causis
1726 3087 1743 3130 t
1773 3064 2206 3135 accusatoris
2229 3081 2483 3138 contra

351 3197 554 3259 eum,
582 3175 712 3272 qui
730 3227 753 3263 ,
786 3197 1019 3273 quum
1055 3197 1133 3244 se
1172 3195 1503 3272 peccasse
1535 3170 2004 3260 confiteatur,
2033 3187 2276 3246 tamen
2315 3200 2480 3249 ora·-

423 3354 469 3400 5.
498 3351 700 3402 anm.
734 3350 921 3415 supple
946 3349 1367 3399 necessitudinem.

421 3433 471 3480 6.
505 3429 756 3478 Accidisu
780 3428 975 3477 dicitur.
1003 3429 1135 3479 eod.
1162 3429 1265 3479 Erf.
1288 3445 1370 3479 ce-

352 3509 537 3558 ddisse.
556 3512 671 3559 Son.
1109 3505 1115 3513 '

427 3605 473 3651 ⁷·
518 3585 847 3639 conveniatne
881 3601 991 3636 ean
1016 3597 1109 3636 sae.
1137 3587 1369 3638 idonemn

352 3682 551 3716 eumn
569 3679 679 3733 put.
696 3671 773 3717 ltn
792 3665 1013 3732 plerique
1030 3669 1154 3717 MSS
1168 3701 1184 3726 ,
1210 3661 1369 3734 neque

352 3761 490 3796 nem
522 3746 639 3796 dd.
672 3763 749 3812 pr.
782 3746 915 3795 mad
934 3761 1132 3795 oausam
1156 3749 1367 3812 primum

352 3825 588 3887 tbiccmt
634 3826 912 3888 Victorius,
951 3837 1370 3891 memineratque

354 3905 627 3956 lambino.
648 3907 815 3956 Gnut.

424 3988 477 4036 ⁸.
508 3985 892 4036 Conmmiaeabie.
908 3983 1115 4036 Addunt
1132 3985 1253 4035 Pan.
1272 3998 1372 4038 tre·

351 4077 400 4113 et
444 4065 756 4114 Fabi-ieiunus
781 4081 1072 4130 personam,
1116 4065 1370 4131 quomodo

358 4154 513 4193 umen
536 4143 659 4192 nulli
678 4143 825 4206 editi,
844 4144 899 4193 in
914 4144 1095 4210 quibu·
1121 4143 1185 4193 ab
1200 4145 1371 4194 ultima

1454 3363 1610 3414 usqne
1621 3348 1810 3413 origine
1822 3349 2248 3401 contaminabitur.
2259 3353 2480 3408 Alterum

1452 3428 1582 3479 mad
1605 3429 1857 3478 substituit
1891 3445 1954 3479 ex
1986 3430 2114 3480 MSS
2155 3433 2257 3482 snio
2290 3437 2486 3488 Lambi-

1454 3525 1578 3570 nus,
1605 3517 1848 3573 nouoque
1867 3510 1920 3558 in
1954 3511 2058 3558 Pal.
2076 3524 2235 3576 quart.
2260 3523 2310 3564 e't
2339 3523 2483 3582 quiu-

1454 3599 1529 3639 to.
1553 3589 1726 3638 Gau-r.

1527 3683 1582 3732 9.
1615 3671 1774 3732 Quum
1788 3666 1990 3732 factum
2015 3685 2122 3719 osse
2146 3685 2351 3725 constet.
2379 3679 2488 3727 Ga-

1454 3747 1668 3796 licinius
1692 3761 1756 3796 cx
1795 3744 2080 3804 Fabi-teiam
2117 3761 2165 3799 ot
2191 3761 2308 3814 poet
2342 3755 2482 3806 illum

1455 3829 1696 3877 Gruterus
1720 3825 1952 3875 addidere
1988 3827 2338 3895 imprudenter,
2367 3851 2484 3886 une

1458 3923 1608 3972 qnam
1637 3909 1794 3966 male,
1831 3917 1882 3955 ot
1921 3917 2093 3956 contre
2133 3913 2343 3976 scriptos
2378 3917 2488 3981 ple.

1459 4003 1644 4052 rosque
1658 3999 1710 4036 ct
1731 3985 1847 4034 edd.
1867 3987 2030 4052 itaque
2057 3986 2230 4040 delevi.
2252 3993 2482 4046 Oudend.

1432 4097 1437 4104 -
1460 4069 1606 4116 etiam
1625 4081 1728 4116 esse
1755 4065 1973 4123 delebat,
1995 4067 2132 4130 quod
2151 4085 2178 4116 a
2206 4069 2353 4119 codd.
2378 4079 2487 4140 qui-

1460 4147 1666 4198 busdam
1685 4145 1840 4196 abest.
1869 4147 1989 4196 Non
2011 4145 2148 4194 male.
2178 4147 2306 4196 Ean.
