2982 4682
477 281 622 370 436
1151 281 1246 346 M.
1300 279 1377 345 T.
1431 277 1911 347 elcanms

477 431 594 474 om
605 404 806 473 nium
849 399 1004 471 fore
1049 399 1667 497 perturbationem
1684 396 1740 484 ⁸,
1798 401 1857 468 si
1895 421 2047 469 non
2092 399 2185 468 ita
2226 423 2339 469 res
2378 423 2589 496 agan·-

473 527 620 599 tur,
657 525 728 582 et
761 511 836 580 in
871 507 1220 604 judicium
1257 509 1587 595 veniant,
1624 533 1776 606 quo
1811 523 2023 606 pacto
2050 525 2413 605 oporteat3
2446 510 2589 582 hoc

475 636 586 693 est
607 676 628 710 ,
672 624 730 690 si
767 635 890 690 aut
925 642 1088 690 cum
1135 643 1224 690 eo
1255 633 1527 715 agatur,
1564 621 1857 714 quicum
1886 642 2035 689 non
2066 633 2391 715 oporteat
2412 673 2433 706 ,
2464 633 2589 689 aut

477 730 609 802 alia
653 753 903 827 poena,
954 729 1094 800 alio
1145 729 1484 814 crimine,
1548 728 1687 798 alio
1737 743 2099 824 tempore3
2144 743 2362 825 atque
2402 728 2589 798 hanc
2668 815 2675 820 Ι

473 843 832 910 rationem
859 836 949 908 ad
979 837 1597 936 perturbationem
1618 837 2051 932 judiciorum
2083 841 2403 908 omnium
2434 863 2589 936 per·

474 951 726 1021 tinere.
751 952 928 1020 Tres
957 949 1173 1045 igitur
1195 973 1294 1018 eae
1319 949 1870 1019 constitutiones
1886 958 1941 1033 ⁹,
1976 971 2138 1044 quae
2170 961 2407 1044 partes
2436 971 2585 1017 non

475 1058 778 1145 habent,
813 1056 902 1129 ad
933 1057 1132 1129 hunc
1161 1059 1456 1128 modum
1487 1056 2013 1158 tractabuntur.
2050 1061 2263 1128 Nunc
2297 1082 2585 1154 genera-

475 1169 615 1240 lem
647 1169 1234 1240 constitutionem
1255 1223 1276 1250 ,
1315 1182 1388 1239 et
1423 1183 1663 1266 partes
1696 1167 1853 1262 ejus
1886 1166 2438 1239 consideremus,

569 1283 756 1350 xxj.
787 1279 992 1374 (ιιι.)
1045 1282 1286 1366 Quum
1341 1292 1416 1349 et
1465 1276 1694 1365 factO,
1754 1293 1825 1348 et
1872 1275 2035 1348 facti
2085 1281 2380 1350 nomine
2420 1302 2586 1348 con-

473 1413 675 1459 cesso
697 1442 717 1472 ,
763 1413 1002 1484 neque
1047 1388 1194 1458 ulla
1224 1392 1528 1460 actionis
1564 1389 1755 1460 illata
1792 1387 2274 1460 controversia
2296 1399 2349 1476 ¹,
2384 1394 2486 1459 vis
2512 1401 2587 1459 et

475 1510 766 1584 natura,
797 1511 870 1568 et
895 1522 1124 1594 genus
1155 1499 1425 1595 negotii
1460 1499 1686 1596 ipsius
1722 1499 2104 1596 quaeritur'3
2127 1499 2583 1570 ‘constitutio-

475 1631 642 1678 nem
682 1608 1139 1703 generalem²
1185 1607 1647 1706 appellamus,
1682 1609 1913 1702 Hujus
1952 1610 2215 1705 primas
2254 1632 2405 1678 esse
2434 1631 2587 1704 par—

478 1733 581 1789 tes
617 1716 796 1787 duas
827 1717 1040 1788 nobis
1083 1717 1308 1788 videri
1347 1717 1660 1788 diximus
1680 1714 1733 1803 ³,
1762 1717 2227 1814 negotialem,
2254 1732 2327 1787 et
2345 1716 2589 1811 juridi-

475 1825 746 1897 cialem.
773 1828 1164 1924 Negotialis
1190 1811 1325 1914 est,
1362 1853 1522 1925 quae
1550 1829 1621 1897 in
1650 1829 1810 1924 ipso
1841 1831 2131 1925 negotio
2150 1825 2330 1922 juris
2364 1827 2589 1898 civilis

477 1936 698 2007 habet
720 1937 1158 2034 implicatam
1185 1938 1216 1993 4
1255 1940 1839 2009 controversiam.
1868 1941 1967 2008 Ea
2002 1953 2108 2008 est
2130 1935 2583 2032 hujusmodi:

475 2076 508 2110 α
539 2045 844 2135 Quidam
909 2047 1266 2145 pupillum
1319 2045 1659 2118 heredem
1720 2045 1927 2135 fecit3
1992 2045 2307 2143 pupillus
2351 2061 2589 2117 autem

476 2169 644 2225 ante
685 2169 1016 2226 mortuus
1053 2172 1197 2243 est,
1250 2181 1468 2253 quam
1508 2158 1581 2227 in
1620 2181 1825 2226 suam
1852 2145 2588 2227 tutelam⁵venisset⁶.

475 2362 536 2395 eo
571 2348 656 2411 qui
695 2347 1060 2395 translationem
1099 2348 1346 2413 postulat:
1383 2364 1493 2397 om-

475 2428 614 2475 nium
639 2428 741 2475 fore
763 2426 1200 2491 perturbationem,
1222 2438 1314 2475 etc.

547 2509 594 2556 8.
641 2491 877 2553 Omnium·
895 2503 1018 2571 fore
1060 2505 1486 2568 percurbatio-nem.

475 2584 677 2635 schista.
701 2607 726 2627 ι
744 2600 900 2632 rerum
926 2585 1144 2635 omnium
1172 2584 1276 2631 fore
1301 2596 1490 2647 pertur-

473 2665 783 2714 hattonem».
821 2663 1038 2731 addidi,
1077 2664 1261 2727 inquit,
1301 2679 1488 2716 rerum,

472 2742 610 2808 quod
646 2743 782 2791 abeat
820 2760 846 2789 a
882 2742 1033 2791 codd.
1071 2754 1120 2790 et
1155 2740 1272 2790 edd.
1305 2742 1497 2789 Ernesti

476 2820 680 2885 putabat
698 2820 1000 2888 judiciorum
1033 2819 1287 2868 excidisse.
1311 2821 1493 2867 Verum

477 2902 545 2947 sic
565 2902 812 2949 exsisteret
835 2900 1047 2947 insuavia
1073 2898 1362 2963 tautologia3
1381 2914 1494 2945 nam

475 2979 636 3027 atatim
663 2978 884 3041 sequitur
907 2993 920 3025 :
961 3000 987 3020 ιι
1003 2988 1149 3042 atque
1185 2978 1315 3026 banc
1340 2978 1493 3026 ratio—

475 3072 584 3104 nem
633 3056 697 3103 ad
737 3056 1156 3120 perturbationem
1190 3056 1490 3118 judiciorum

477 3135 692 3182 omnium
719 3134 1013 3197 pertinere».

549 3228 598 3275 9.
653 3212 768 3258 Tres
811 3210 960 3274 igitur
1003 3226 1074 3258 ιω
1113 3210 1490 3263 constitutiones.

479 3292 668 3354 Nempe
717 3289 1058 3350 coniecturalis
1075 3327 1091 3352 ‚
1137 3306 1245 3354 cap.
1288 3299 1313 3347 4
1359 3307 1491 3356 seqq.

480 3366 759 3429 definitiva,
782 3382 890 3432 cap.
919 3383 978 3431 ¹7
1008 3384 1143 3433 seqq.
1180 3368 1453 3417 translativa
1475 3404 1490 3429 ,

479 3462 586 3511 oep.
615 3461 676 3507 19
702 3462 799 3509 aeq.
827 3446 942 3492 Son.
1361 3494 1366 3505 ¹

551 3526 694 3573 111.
719 3540 737 3571 x
750 3560 764 3573 .
795 3524 966 3587 Neque
993 3524 1094 3571 ulla
1117 3526 1327 3575 accionis
1353 3524 1495 3575 illata

477 3602 812 3652 contr-eveniet.
831 3604 944 3651 Hoc
965 3614 1054 3664 est,
1082 3620 1237 3671 neque
1265 3621 1351 3669 per
1379 3622 1495 3653 cou-

478 3684 781 3732 stitutionem
820 3682 1148 3730 translativam
1193 3700 1256 3730 ex
1307 3686 1490 3747 causis,

477 3776 590 3826 cap.
619 3778 698 3825 19,
717 3760 824 3809 init.
847 3760 1104 3825 expositis,
1122 3760 1416 3822 adversario,
1437 3774 1493 3810 ut

480 3842 610 3887 actio
647 3841 974 3897 transferatur,
1020 3850 1103 3887 aut
1146 3852 1491 3903 commutetur,

481 3918 776 3978 postulante.
799 3920 914 3966 Scn.

558 3998 610 4041 a:
639 3996 941 4044 Gener-alem.
973 4000 1117 4061 Καρ.
1138 3996 1226 4045 lib.
1261 3998 1311 4054 1,
1342 4012 1383 4044 c.
1409 4013 1458 4059 9.

1656 2350 1705 2397 3.
1738 2350 1893 2417 Hujus
1915 2347 2102 2413 primas
2136 2364 2239 2399 esse
2264 2360 2431 2413 partes
2464 2349 2591 2396 duas

1582 2428 1731 2481 nobi·
1748 2427 1911 2475 videri
1932 2428 2164 2477 diximus.
2202 2426 2389 2491 Nempe
2422 2428 2509 2474 lib.
2532 2430 2585 2485 1,

1582 2522 1690 2570 cap.
1724 2522 1805 2561 ιτς
1836 2506 1970 2553 conf.
1994 2506 2059 2556 ad
2084 2507 2405 2564 Herennium,
2430 2505 2515 2553 lib.
2536 2508 2587 2559 Ι,

1580 2601 1691 2649 cap.
1720 2599 1800 2643 ιι,
1836 2586 1916 2633 15.
1943 2586 2165 2633 Ceterum
2195 2584 2323 2648 apud
2356 2584 2587 2633 Nostrum

1580 2662 1866 2710 constitutio
1906 2678 2061 2710 eauaae
2092 2672 2261 2725 quarta
2301 2662 2545 2728 generalis
2568 2682 2587 2709 :

1580 2741 1721 2802 cuim
1746 2756 1855 2804 para
1877 2753 1952 2789 eat
1977 2740 2125 2788 altera
2136 2738 2431 2805 juridicialis
2444 2757 2465 2795 ,-
2492 2742 2588 2787 He-

1580 2818 1755 2867 rennio
1774 2830 1943 2867 contra
1964 2819 2253 2868 constitutio
2272 2836 2423 2868 cauae
2453 2818 2591 2867 tertia

1569 2897 1883 2964 juridicialis.
1909 2901 2085 2947 erz.

1653 2984 1702 3033 4.
1728 2974 2047 3041 Implt‘eatam.
2076 2973 2161 3025 Al.
2180 2975 2468 3041 implicitam.

1654 3057 1700 3105 5.
1732 3060 1909 3105 Ante...
1924 3072 2076 3119 quam
2103 3054 2153 3102 1⁰12
2172 3072 2311 3103 suam
2344 3067 2377 3105 ι.
2405 3055 2463 3103 ld
2485 3068 2590 3111 eat,

1579 3144 1833 3198 antequam
1859 3135 2013 3199 pubes
2030 3134 2184 3183 factus
2203 3146 2343 3193 emet,
2364 3144 2411 3183 et
2426 3138 2589 3183 testari

1580 3222 1746 3277 posset
1768 3229 1781 3261 ε
1812 3214 1862 3261 in
1879 3230 2017 3261 suam
2036 3215 2163 3261 enim
2184 3214 2384 3262 tutelam
2407 3216 2589 3263 venioe.

1581 3290 1659 3339 vel
1698 3308 1799 3340 succ
1846 3293 2006 3341 tutela
2049 3292 2153 3340 fien'
2189 3292 2310 3340 nibil
2346 3292 2477 3342 aliud
2514 3304 2589 3341 eat

1581 3386 1723 3434 quam
1743 3370 1803 3419 ad
1829 3371 2131 3435 pubertatem
2157 3374 2332 3420 venire.
2361 3374 2520 3423 Gon.

1652 3450 1706 3497 6.
1738 3450 1971 3498 Venisset.
1996 3452 2077 3499 Sic
2103 3454 2293 3499 correxi
2327 3468 2420 3517 pro
2450 3452 2590 3499 aseni-

1581 3538 1667 3587 ree,
1694 3529 1747 3575 iu
1770 3546 1869 3593 quo
1890 3540 1961 3578 est
1979 3530 2255 3579 manifestus
2275 3531 2593 3589 soloecismus,

1579 3623 1608 3653 a
1645 3610 1885 3670 germanis
1926 3610 2135 3658 librariis
2168 3622 2319 3659 ortus.
2364 3612 2485 3659 Eu.
2522 3638 2592 3649 -

1580 3712 1649 3721 —
1672 3676 1854 3753 Infuria
1884 3690 2072 3736 Ernesti
2104 3687 2317 3735 venisset
2358 3692 2591 3753 reposuit.

1581 3766 1656 3814 Cf.
1678 3766 1753 3813 Cl.
1776 3766 1923 3814 Conr.
1948 3767 2227 3831 Heusingeri
2248 3767 2383 3815 Prtef.
2405 3767 2469 3813 ad
2490 3770 2595 3816 Cic.

1586 3842 1645 3889 de
1662 3840 1807 3891 offic.
1841 3860 1889 3906 p.
1920 3844 1983 3891 58
2001 3878 2017 3905 ,
2043 3846 2128 3907 59.
2150 3844 2481 3892 Sem—Cum
2510 3848 2595 3892 En·

1586 3922 1745 3970 uestio
1787 3923 2001 3971 sentiunt
2020 3913 2287 3973 Wetzelius
2311 3934 2363 3971 et
2396 3922 2597 3986 gallicus

1586 4000 1834 4063 interpres.
