2982 4682
509 373 644 446 352
1184 375 1283 468 Μ,
1334 375 1411 442 T.
1462 372 1948 448 CICERONIS

500 499 737 594 ipsum
776 521 863 566 ex
904 517 983 566 re
1006 504 1061 538 ¹¹
1105 496 1555 593 perspicitur,
1593 512 1664 568 et
1701 523 1956 569 verum
1993 521 2148 570 esse
2181 499 2625 598 intelligitur,

500 605 681 677 nihil
714 607 971 676 attinet
1005 602 1409 703 approbari.
1444 607 1686 696 Quare
1713 609 1951 678 statim
1985 608 2485 680 concludenda
2519 629 2626 682 est

498 717 1123 813 argumentation.
1170 719 1299 786 Est
1356 739 1528 812 ergo
1585 718 1978 814 assumptio
2036 716 2360 814 quaedam
2387 771 2408 805 ,
2465 743 2626 817 qua.-

498 825 1039 923 approbationis
1086 848 1239 894 non
1288 824 1583 922 indiget.
1635 829 1818 898 Nam
1875 826 2262 925 quamdam
2299 827 2622 926 indigere

499 936 961 1034 perspicuum
999 949 1128 1007 est.
1171 938 1508 1033 Separata
1559 948 1666 1006 est
1719 937 1940 1034 igitur
1986 937 2078 1008 ab
2133 943 2621 1036 assumptione

496 1044 945 1144 approbatio.
980 1045 1261 1116 Falsum
1300 1069 1471 1143 ergo
1511 1059 1620 1118 est
1638 1101 1657 1133 ‚
1697 1071 1846 1117 non
1870 1070 2035 1121 esse
2060 1047 2225 1145 plus
2253 1073 2472 1146 quam
2503 1052 2621 1120 tri-

492 1158 821 1255 partitam
868 1156 1583 1252 argumentationem.

590 1269 947 1338 XXXVH.
993 1269 1231 1362 Atque
1267 1290 1356 1336 ex
1398 1264 1513 1336 his
1557 1265 1736 1339 illud
1775 1266 1924 1362 jam
1973 1271 2435 1366 perspicuum
2475 1285 2617 1357 est,

496 1399 648 1447 esse
696 1373 1083 1471 quamdam
1120 1381 1850 1472 argumentationem,
1891 1381 1964 1447 in
2002 1403 2148 1475 qua
2181 1403 2418 1475 neque
2451 1403 2618 1476 pro-

392 1491 395 1494 ’
496 1487 760 1582 positio
784 1497 838 1568 ¹,
892 1509 1133 1580 neque
1197 1487 1594 1582 assumptio
1649 1484 1966 1584 indigeat
2032 1489 2614 1586 approbationiS,

496 1594 948 1690 hujusmodi3
1000 1608 1086 1664 ut
1126 1608 1403 1666 certum
1446 1594 1789 1693 quiddam
1814 1650 1834 1683 ,
1893 1612 1966 1668 et
2005 1595 2263 1684 breve,
2307 1599 2618 1696 exempli

494 1729 752 1791 causa,
813 1727 1214 1800 ponamus:
1262 1705 1391 1776 «Si
1436 1729 1752 1776 summo·
1783 1717 2057 1803 opere²
2107 1701 2445 1806 sapientia
2499 1733 2616 1806 pe-

496 1811 712 1884 tenda
738 1827 889 1899 est,
928 1836 1214 1885 summo
1246 1837 1469 1911 opere
1507 1815 1805 1885 stultitia
1834 1817 2124 1887 vitanda
2153 1832 2295 1901 est;
2333 1842 2614 1888 summo

492 1938 735 1996 autem
778 1947 999 2020 opere
1060 1925 1408 2019 sapientia
1461 1923 1776 2021 petenda
1833 1939 1940 1995 est
1973 1951 1992 2010 3
2053 1947 2336 1998 summo
2400 1929 2616 2024 igitur

492 2057 710 2128 opere
746 2033 1047 2105 stultitia
1072 2031 1357 2104 vitanda
1392 2048 1504 2105 est
1527 2063 1583 2101 n.
1627 2035 1758 2104 Hic
1780 2047 1854 2104 et
1882 2037 2311 2131 assumptiO,
2346 2050 2422 2108 et
2458 2061 2616 2132 pro-

490 2145 759 2242 positio
814 2145 1192 2242 perspicua
1238 2157 1367 2214 est.
1426 2147 1668 2233 Quare
1709 2158 1966 2214 neutra
2003 2167 2302 2241 quoque
2343 2144 2617 2242 indiget

491 2245 1016 2352 approbatione
1036 2249 1090 2324 ³.

584 2368 689 2434 Ex
730 2362 927 2435 hisce
960 2360 1298 2433 omnibus
1333 2361 1514 2433 illud
1557 2365 2020 2461 perspicuum
2065 2378 2205 2453 est,
2257 2362 2614 2463 approba-

487 2478 761 2546 tionem
793 2488 949 2544 tum
981 2472 1309 2569 adjungi,
1336 2486 1488 2543 tum
1531 2497 1680 2543 non
1707 2474 2023 2573 adjungi.
2051 2478 2154 2544 Ex
2183 2500 2328 2572 quo
2359 2500 2614 2571 cogno-

486 2586 745 2671 scitur,
782 2609 1023 2681 ueque
1054 2584 1129 2652 in
1159 2583 1697 2679 propositione,
1733 2608 1971 2679 neque
2013 2585 2089 2654 in
2121 2586 2612 2681 assumptione

488 2696 842 2769 contineri
870 2692 1469 2793 approbationem
1489 2748 1509 2780 ,
1551 2693 1678 2764 sed
1709 2708 2088 2791 utramque
2125 2718 2260 2765 suo
2295 2694 2457 2795 loco
2489 2718 2612 2791 po-

485 2808 689 2877 sitam
715 2860 735 2894 ,
762 2806 907 2874 vim
938 2827 1137 2874 suam
1164 2858 1184 2891 ,
1210 2816 1582 2899 tamquam
1621 2818 1886 2874 certam
1917 2819 1990 2875 et
2019 2804 2382 2901 propriam
2415 2858 2434 2891 ,
2474 2800 2609 2873 ob·-

486 2918 718 2989 tinere
738 2917 791 2985 4.
842 2912 1061 3007 Quod
1100 2914 1158 2984 si
1198 2914 1299 2983 ita
1344 2927 1489 2999 est,
1535 2914 1920 2985 commode
1971 2914 2214 3011 partiti
2257 2929 2428 2985 sunt
2467 2914 2604 3000 ini,

560 3094 637 3127 ιι.
664 3079 751 3125 Ea:
774 3090 842 3125 re.
872 3072 1066 3123 Schiitz.
1099 3074 1181 3121 dat
1205 3090 1269 3122 ex
1298 3090 1370 3123 se.
1398 3077 1499 3133 Ita,

480 3158 667 3221 inquit,
685 3155 905 3205 Nizolius
926 3156 979 3203 in
994 3154 1156 3202 lexico
1180 3154 1499 3203 Ciceroniano

479 3252 587 3285 voc.
609 3251 674 3282 ex
698 3234 847 3297 legit3
892 3244 941 3281 et
971 3232 1231 3281 Lambinus
1271 3234 1325 3280 in
1361 3243 1500 3281 textu

486 3314 651 3379 posuit
674 3327 688 3361 ε
729 3322 890 3373 recte;
919 3328 1031 3359 uam
1056 3312 1117 3359 de
1144 3311 1396 3359 enuntiato
1423 3310 1499 3357 lo-

476 3394 643 3459 quitur
680 3390 851 3439 Cicero
874 3427 889 3451 ,
945 3390 1080 3453 qnod
1121 3388 1497 3453 approbationis

428 3509 433 3516 -
476 3472 605 3522 hand
648 3470 864 3534 indiget,
902 3468 1115 3533 ideoque
1152 3468 1313 3533 ipsum
1343 3483 1409 3514 ex
1445 3485 1500 3517 se

475 3550 793 3617 perspiciatur
835 3565 1029 3597 necesse
1073 3556 1160 3594 est.
1212 3546 1293 3593 Sic
1328 3556 1499 3610 postea

474 3648 581 3696 cap.
612 3632 709 3693 39:
742 3650 764 3671 ι
788 3644 939 3692 quum
966 3624 1241 3691 propositio
1267 3640 1327 3673 ex
1350 3641 1402 3672 se
1424 3626 1497 3673 in·

476 3712 709 3775 telligitur
726 3731 775 3756 »-
804 3712 925 3757 Sca.

550 3808 628 3841 ta.
661 3788 827 3838 Concl.
854 3798 925 3834 esc
954 3782 1335 3849 orgunaentacio.
1361 3784 1499 3833 Scio-

471 3874 547 3922 lus
570 3872 735 3920 nescio
760 3868 869 3931 quis
893 3866 975 3913 hie
1002 3864 1290 3929 appinxerat
1310 3879 1324 3914 :
1357 3885 1379 3906 ι
1402 3864 1490 3927 igi-

472 3965 553 3999 tm·
577 3950 691 3997 dare
718 3960 915 4011 operam
950 3942 1277 4009 philosophia
1314 3953 1494 3991 conve-

472 4033 545 4078 nit
562 4050 613 4085 n,
642 4042 742 4091 qno
776 4034 905 4073 recte
942 4032 1109 4071 carent
1144 4020 1257 4070 cod.
1278 4020 1423 4068 Voss.
1446 4036 1491 4069 c.

475 4106 629 4155 schol.
650 4106 793 4153 Voss.
822 4120 863 4163 1,
898 4119 953 4161 a,
982 4101 1063 4149 ed.
1084 4098 1281 4149 Omnib.
1304 4102 1421 4148 Sca.

1677 3076 1946 3125 xxxvn.
1995 3088 2038 3126 1.
2101 3077 2279 3141 Neque
2329 3074 2609 3139 propositio.

1587 3153 1700 3203 Sch.
1727 3174 1751 3195 α
1766 3168 1856 3201 nec
1879 3154 2155 3218 propositio
2169 3176 2194 3195 a·
2215 3170 2242 3201 e
2269 3154 2380 3203 cod.
2399 3156 2540 3203 Voss.
2559 3170 2606 3203 c.

1586 3231 1740 3280 schol.
1757 3232 1887 3281 Ond.
1909 3232 2185 3297 probatum.

1659 3326 1706 3358 a.
1727 3313 1918 3359 Summo
1939 3328 2094 3377 opere.
2110 3312 2304 3363 Lallem.
2325 3328 2426 3359 uno
2454 3311 2606 3360 verbo

1586 3405 1903 3455 summopere.

1658 3469 1711 3516 3.
1755 3470 1922 3532 Quare
1964 3480 2137 3515 neutra
2185 3484 2380 3533 quoque
2421 3468 2608 3535 indiget

1585 3546 1958 3611 approbatione.
2007 3546 2232 3596 Ridicula
2286 3560 2460 3612 praeter
2501 3565 2604 3598 mo-

1589 3624 1706 3674 dum
1748 3635 1850 3674 tota
1885 3626 1992 3673 haec
2031 3630 2407 3690 argumentatio,
2437 3630 2487 3674 in
2510 3645 2606 3691 qna

1588 3704 1861 3767 complexio
1903 3722 1990 3770 per
2030 3722 2082 3751 se
2123 3707 2189 3752 ita
2235 3716 2361 3753 certa
2403 3718 2504 3765 est,
2549 3716 2606 3754 ut

1584 3784 1784 3831 fortasse
1809 3783 1968 3829 minus
1998 3782 2214 3846 indigeat
2241 3785 2606 3849 approbationis

1586 3878 1732 3928 qnam
1785 3862 1889 3927 ipsa
1943 3864 2238 3926 propositio.
2297 3864 2604 3911 Manifestitia

1581 3942 1710 3989 enim
1749 3951 1821 3989 est
1858 3941 2112 3989 stultitiam
2152 3942 2424 4002 vitandam,
2459 3958 2604 4005 qnam

1583 4021 1866 4085 sapientiam
1887 4020 2165 4085 petendam.

1660 4104 1706 4155 4.
1739 4101 2058 4164 Utramque..
2074 4136 2084 4146 .
2109 4099 2213 4149 vim
2240 4114 2455 4148 snam...
2479 4097 2606 4146 obti-
