2982 4682
431 343 568 424 404
1107 335 1226 402 M..
1256 337 1334 403 T.
1385 329 1872 402 clemoms

521 459 653 558 (v.)
683 461 892 530 Nunc
931 454 1024 526 ab
1053 455 1519 552 conjecturali
1559 453 2119 526 constitutiones>
2152 448 2553 548 proficisce-

437 567 854 663 mur;cujus
875 565 1291 662 exemplum
1315 565 1402 635 sit
1424 564 1565 635 hoc
1583 563 1991 662 expositum
2010 573 2073 605 ¹⁰
2096 587 2167 631 :a
2188 566 2271 631 In
2293 563 2549 634 itinere

431 677 723 775 quidam
779 672 1354 773 proficiscentem
1407 671 1501 744 ad
1556 686 1954 744 mercatum
2004 669 2431 768 quemdam,
2478 685 2551 740 et

429 810 674 858 secum
716 785 1164 882 aliquantum
1203 806 1675 854 nummorum
1709 778 2099 865 ferentem,
2154 796 2263 851 est
2296 804 2551 850 conse-

431 911 706 992 quutus
725 904 782 939 ¹¹
793 947 807 963 .
829 897 1016 964 Cum
1043 891 1227 981 hoc,
1267 909 1350 964 ut
1381 891 1535 963 fere
1565 891 1685 980 fit,
1719 893 1796 962 in
1824 893 1935 961 via
1962 915 2369 986 sermonem
2394 915 2553 962 con-

430 1004 596 1075 tulit
649 1029 667 1073 ε
718 1027 807 1075 ex
859 1027 1012 1100 quo
1051 1001 1326 1074 factum
1385 1017 1533 1088 est,
1592 1016 1676 1073 ut
1726 999 1903 1072 illud
1960 1004 2097 1071 iter
2143 998 2553 1072 familiarius

430 1112 664 1186 facere
719 1112 1010 1185 vellent.
1073 1113 1348 1202 Quare,
1401 1135 1633 1208 quum
1686 1111 1765 1180 in
1812 1107 2133 1181 eamdem
2180 1108 2549 1181 tabernam

429 1223 934 1308 devenissent,
965 1221 1180 1293 simul
1211 1244 1532 1307 coenare,
1552 1233 1624 1292 et
1651 1221 1727 1289 in
1757 1218 2010 1290 eodem
2034 1217 2195 1290 loco
2216 1243 2551 1290 somnum

431 1356 689 1430 capere
719 1331 1128 1402 voluerunt.
1169 1330 1452 1401 Coenati
1491 1328 2013 1401 discubuerunt
2052 1326 2339 1400 ibidem.
2375 1333 2551 1402 Cau-

431 1467 532 1539 ρο
577 1457 816 1512 autem
859 1441 1072 1534 (nam
1110 1441 1207 1508 ita
1229 1439 1513 1524 ‚dicitur
1549 1454 1715 1536 post
1750 1441 2125 1509 inventum
2145 1492 2165 1525 ,
2205 1463 2433 1535 quum
2476 1441 2549 1509 in

433 1551 572 1621 alio
625 1547 980 1620 maleficio
1032 1547 1525 1647 deprehensus
1588 1548 1813 1642 esset)
1864 1573 2093 1645 quum
2138 1547 2341 1619 illum
2380 1549 2549 1620 alte-

427 1683 593 1730 rum
627 1667 722 1745 ¹²,
767 1656 1092 1730 videlicet
1147 1660 1275 1754 qui
1317 1681 1657 1730 nummos
1710 1657 2045 1745 haberet,
2106 1658 2550 1729 animadver-

433 1772 634 1840 tisset
669 1795 688 1839 ε
723 1783 984 1854 noctu,
1023 1782 1409 1865 postquam
1436 1767 1599 1838 illos
1634 1769 1897 1840 arctius
1918 1769 2067 1863 jam
2096 1759 2180 1853 ¹3,
2206 1782 2289 1838 ut
2322 1765 2433 1855 fit,
2468 1793 2555 1838 ex

436 1876 848 1950 lassitudine
877 1877 1194 1949 dormire
1213 1880 1469 1964 sensit,
1495 1879 1825 1964 accessit,
1857 1890 1931 1948 et
1953 1877 2245 1948 alterius
2266 1901 2553 1960 eorum,

351 2021 363 2040 ι
427 1990 560 2086 qui
599 1991 751 2060 sine
782 1989 1098 2060 nummis
1131 2002 1314 2074 erat,
1352 1985 1669 2082 gladium
1724 2001 2027 2084 propter
2067 1990 2477 2085 appositum
2514 2011 2555 2058 e

437 2098 692 2195 vagina
743 2095 1026 2184 eduxit,
1081 2113 1156 2168 et
1217 2096 1424 2167 illum
1496 2096 1801 2168 alterum
1874 2095 2177 2184 occidit,
2220 2121 2557 2167 nummos

431 2205 763 2291 abstulit,
797 2207 1112 2304 gladium
1149 2201 1611 2282 cruentatum
1636 2204 1703 2261 ¹4
1740 2207 1818 2276 in
1853 2205 2181 2302 vaginam
2222 2207 2555 2279 recondi-

438 2416 549 2461 Hoe
573 2423 675 2473 est,
711 2414 754 2461 si
779 2413 906 2461 forte
933 2413 984 2461 in
1011 2428 1186 2476 genere
1211 2411 1449 2463 delibera-

437 2493 558 2550 tivo,
578 2492 662 2541 vel
684 2484 1067 2541 demonstrativo
1089 2491 1309 2555 quaedam
1334 2508 1454 2540 eon·

439 2571 672 2621 troversia
705 2570 955 2629 inciderit,
998 2570 1168 2618 eadem
1209 2580 1454 2636 precepta

439 2650 696 2710 valebunt,
714 2664 828 2713 qne
852 2649 906 2695 in
920 2648 1143 2709 judiciali
1156 2664 1332 2715 gnere
1363 2666 1452 2697 ex-

440 2728 676 2794 ponendo
703 2727 880 2776 tradita
899 2738 1030 2775 sunt.
1049 2728 1170 2777 Sca.

508 2824 560 2871 9.
585 2807 664 2855 Ab
685 2805 1005 2872 conjecmmli
1029 2816 1190 2855 const.
1219 2805 1302 2853 sio
1327 2807 1454 2855 MSS

439 2886 594 2935 nostri
639 2887 737 2935 Gn.
779 2902 808 2934 a
851 2901 921 2935 m.
961 2902 1045 2951 pr.
1089 2896 1142 2934 et
1174 2884 1258 2934 alii
1302 2897 1452 2935 recte.

439 2966 540 3029 Qui
557 2987 580 3010 ι
603 2965 666 3013 ad
697 2964 1073 3026 conjecturalem
1103 2975 1260 3012 const.
1280 2986 1306 3006 ιο
1338 2965 1456 3013 scri·

439 3058 580 3107 psere
601 3054 747 3105 atque
773 3042 968 3091 edidere
983 3078 999 3103 ,
1023 3052 1082 3091 ut
1105 3041 1222 3091 edd.
1247 3059 1324 3107 pr.
1343 3052 1456 3091 ante

441 3121 623 3171 Aldum
635 3156 649 3181 ,
677 3137 780 3169 non
805 3122 1084 3171 intellexere
1097 3120 1300 3169 verbum
1311 3120 1459 3187 profi-

441 3201 557 3250 eise-1¹
565 3236 580 3259 ,
613 3200 750 3266 quod
785 3200 836 3249 h.
872 3201 911 3249 1.
941 3213 1015 3250 est
1056 3200 1254 3248 initium
1275 3200 1452 3248 faeere.

441 3282 570 3329 Ean.
597 3306 664 3316 —
681 3278 776 3327 Cui
800 3278 914 3327 Soh.
941 3278 1220 3327 assentitur.

518 3375 596 3408 ιο.
639 3358 929 3423 Expositum
972 3372 1266 3421 quamquam
1320 3356 1458 3404 abest

441 3457 467 3487 a
493 3437 688 3487 duobus
712 3436 1037 3501 Oudendorp.
1058 3434 1194 3482 libris
1209 3468 1225 3494 ,
1249 3450 1350 3483 non
1376 3436 1458 3483 de-

442 3517 638 3565 lendum
676 3518 908 3581 Ernestus
945 3527 996 3564 et
1037 3511 1290 3562 Schiitzius
1323 3514 1454 3563 arbi-

443 3598 554 3647 trati
581 3609 712 3645 sunt.

517 3694 538 3724 ι
553 3692 599 3725 x.
623 3678 717 3724 Est
745 3682 1085 3737 consequutus.
1124 3671 1288 3720 Malim
1325 3671 1455 3719 istud

441 3771 551 3803 cum
571 3754 672 3803 Pal.
692 3764 848 3802 semet
860 3753 1006 3799 Grev.
1026 3761 1074 3797 et
1093 3747 1455 3812 marginalibus,

440 3850 584 3896 quam
623 3832 758 3896 quod
798 3831 1032 3879 haetenus
1072 3828 1264 3876 obsedit
1303 3828 1454 3877 libros

441 3924 516 3959 est
546 3911 824 3959 comitatus.
853 3908 981 3956 Vult
1016 3907 1144 3955 enim
1187 3908 1236 3953 in
1285 3907 1456 3955 itinere

441 3990 605 4053 posito
623 3988 974 4053 supervenisse.
1009 3987 1177 4034 Gnur.
1205 4010 1276 4021 —-
1295 3987 1456 4048 Quem

441 4068 586 4114 ceteri
613 4068 824 4114 editores
839 4065 1130 4127 consequuti
1157 4074 1289 4112 aunt.

1621 2427 1705 2461 η.
1735 2413 1894 2477 Quum
1910 2409 2049 2461 illum
2069 2412 2296 2473 ulcerum,
2314 2410 2419 2461 via.
2437 2429 2486 2476 q.
2499 2430 2553 2460 n.

1543 2490 1768 2551 haba-ee,
1794 2492 1950 2539 enirn.
1979 2490 2237 2539 Sebiitzina
2260 2492 2557 2556 interpungit

1544 2591 1569 2611 α
1594 2586 1646 2634 q.
1676 2570 1815 2618 illum
1852 2570 2057 2618 alterum
2094 2569 2345 2625 videlieet,
2380 2572 2466 2634 qui
2506 2588 2555 2619 n.

1541 2647 1741 2696 haberet
1762 2648 1787 2709 ,'
1803 2665 1885 2697 au.
1906 2671 1933 2691 ι
1946 2650 2155 2713 ‘Vulgata
2168 2682 2183 2707 ,
2211 2649 2392 2713 inquit,
2413 2652 2557 2697 inter-

1465 2733 1476 2755 ‘
1542 2729 1745 2792 punctio
1772 2728 2059 2775 Lambinum
2096 2726 2293 2776 induxit
2308 2762 2323 2787 ,
2360 2741 2417 2777 ut
2438 2730 2558 2777 scri-

1542 2804 1679 2853 beret
1697 2828 1722 2848 ·-
1740 2822 1893 2869 qnum
1924 2806 2061 2854 illum
2096 2806 2303 2855 alterum
2337 2824 2559 2857 nummos

1541 2884 1719 2937 babere
1745 2886 1898 2933 anim.
1924 2907 1949 2927 π
1994 2885 2268 2933 Eme-tium
2308 2898 2469 2935 autem
2502 2898 2557 2935 ut

1540 2964 1649 3012 haec
1686 2964 1835 3011 verba
1856 2999 1871 3024 ,
1908 2964 2056 3011 -vid.
2106 2980 2157 3028 q.
2204 2980 2260 3012 n.
2302 2963 2501 3012 haberet
2532 2988 2557 3006 ι·

1542 3041 1801 3107 glossatori
1854 3042 2113 3103 tribueret,
2155 3058 2308 3107 eaque
2356 3043 2555 3092 delenda

1546 3130 1757 3185 putaret.
1796 3118 1891 3169 Sed
1926 3130 2194 3181 commate,
2235 3133 2290 3169 ut
2330 3122 2556 3183 fecimus,

1544 3199 1841 3263 transposito
1889 3198 2120 3247 videlieet
2160 3200 2371 3250 suaviter
2420 3212 2557 3249 notat

1546 3279 1783 3343 cauponis
1820 3278 2148 3341 sagacitatem,
2186 3281 2272 3342 qui
2308 3280 2466 3327 statim
2502 3280 2559 3328 n-

1542 3356 1649 3404 ium
1691 3356 1918 3416 alterum,
1958 3358 2045 3421 qui
2078 3373 2303 3406 nummos
2328 3358 2559 3417 haberet,

1547 3437 1983 3486 animadvertisset.
2012 3438 2131 3485 Scn.

1623 3518 1704 3565 13.
1752 3518 2021 3579 Postquam
2065 3515 2175 3564 illos
2226 3514 2405 3564 amu'us
2429 3518 2557 3582 jam.

1546 3600 1661 3644 Iam
1697 3593 1864 3641 delent
1893 3592 2150 3643 Sehiitsius
2174 3605 2223 3643 et
2246 3596 2470 3655 Ernesti,
2508 3608 2559 3644 ut

1544 3673 1733 3723 inutile.

1621 3760 1701 3809 ιι..
1730 3752 2046 3799 cruentamm
2070 3752 2122 3800 in
2156 3754 2396 3819 vaginam
2414 3790 2429 3809 ,
2463 3763 2557 3802 etc.

1546 3833 1625 3881 Sic
1674 3830 1763 3877 ΜΒ
1810 3830 2032 3879 Lambin.
2090 3832 2272 3879 Alton-s.
2319 3835 2463 3881 Voss.
2520 3849 2561 3882 e.

1546 3910 1701 3959 schol.
1726 3909 1865 3957 Leid.
1894 3910 1951 3968 3,
1988 3922 2037 3957 et
2066 3911 2203 3960 dedit
2232 3912 2439 3959 Ernesti.
2468 3912 2561 3960 Sed

1547 3986 1802 4037 Sehiitxius
1833 4004 1942 4035 cum
1970 3990 2166 4041 Lallem.
2190 4012 2218 4035 α
2236 4000 2487 4039 cruentum
2510 3990 2559 4037 in

1547 4069 1794 4129 vaginam,
1822 4077 1919 4116 etc.
1942 4090 1967 4109 a·
2002 4058 2011 4069 ⁸
