2982 4682
818 144 831 181 l

788 406 913 473 An
956 402 1543 488 HERENNIUM,
1593 402 1858 473 1,1BER
1902 403 2028 487 lv,
2075 397 2190 485 54.
2422 399 2562 495 267

430 531 576 599 cito
619 538 906 612 testam,
938 548 1083 621 qua
1116 522 1253 595 sibi
1289 538 1487 621 petat
1523 525 1798 622 ignem,
1835 548 1985 595 non
2024 522 2319 619 reliquit
2343 552 2394 593 n.
2430 526 2564 594 Per

430 635 847 733 ambiguum
871 689 890 723 ,
945 658 1179 731 quum
1236 633 1560 727 verbum,
1589 648 1830 732 potest
1869 635 1946 703 in
1995 632 2174 704 duas
2231 632 2566 730 pluresve

430 746 821 819 sententias
856 745 1116 841 accipi,
1151 743 1279 815 sed
1300 745 1650 841 accipitur
1677 746 1753 814 in
1791 768 1948 815 eam
1979 758 2256 843 partem
2278 798 2297 828 ,
2341 768 2560 841 quam

429 857 587 929 vult
608 858 705 944 is,
736 856 863 953 qui
885 853 1101 942 dixit3
1139 868 1220 927 ut
1259 855 1351 925 de
1380 880 1469 925 eo
1508 856 1568 925 si
1606 853 1868 943 dicas4,
1897 856 2025 951 qui
2061 854 2322 925 multas
2349 854 2560 925 here-

432 968 687 1039 ditates
724 965 981 1055 adierit
1013 993 1030 1036 :
1065 970 1450 1064 «Prospice
1479 980 1560 1037 tu
1577 1020 1598 1053 ,
1625 966 1752 1064 qui
1779 965 2176 1063 plurimum
2197 962 2226 1009 ⁵
2253 966 2488 1035 cernis
2507 996 2562 1033 n.

432 1076 787 1175 Ambigua
810 1075 1427 1173 quemadmodum
1448 1076 1738 1147 vitanda
1764 1090 1964 1159 sunt,
1994 1101 2158 1172 quae
2183 1074 2566 1147 obscuram

432 1186 751 1261 reddunt
795 1191 1197 1259 orationem
1228 1214 1249 1273 ;
1298 1190 1397 1257 ita
1432 1186 1585 1257 haec
1609 1184 2120 1281 consequenda
2142 1240 2163 1273 ,
2200 1210 2362 1282 quae
2391 1208 2568 1255 con-

432 1294 2570 1394 ficiunthujusmodisignificationem.Eareperienturfacile,

434 1409 495 1479 si
524 1410 939 1481 noverimus
963 1423 1034 1481 et
1066 1407 1785 1481 animadverterimus
1801 1406 2194 1479 verborum
2221 1409 2569 1504 ancipites

434 1535 558 1590 aut
600 1520 1035 1618 multiplices
1066 1534 1477 1618 potestates.
1497 1524 1634 1590 Per
1672 1520 2265 1616 consequentiam
2297 1516 2568 1615 signifi-

434 1632 618 1702 catio
680 1629 797 1716 fit,
854 1654 1083 1728 quum
1150 1654 1299 1718 reS,
1356 1655 1518 1727 quae
1559 1644 1974 1726 sequuntur
2014 1627 2328 1723 aliquam
2369 1652 2522 1698 rem
2548 1681 2567 1713 ,

436 1741 799 1826 dicuntur,
825 1765 915 1812 ex
945 1740 1211 1838 quibus
1238 1756 1389 1812 tota
1417 1765 1531 1813 res
1559 1740 1999 1836 relinquitur
2023 1740 2098 1809 in
2131 1739 2572 1836 suspicione,

438 1866 517 1923 ut
573 1853 632 1922 si
685 1851 1207 1923 salsamentarii
1260 1849 1412 1921 filio
1458 1850 1652 1921 dicas
1707 1876 1722 1919 ε
1771 1880 1804 1915 «
1840 1852 2150 1939 Quiesce
2205 1864 2319 1936 tu,
2361 1848 2568 1943 cujus

433 1976 640 2060 pater
659 1960 909 2034 cubito
936 1988 1013 2033 se
1042 1986 1437 2059 emungere
1464 1960 1810 2034 solebat».
1829 1957 2009 2031 Per⁶
2029 1958 2565 2047 abscissionem,

436 2072 531 2160 si,
578 2074 809 2169 quum
849 2073 1237 2169 incipimus
1275 2070 1546 2168 aliquid
1596 2072 1868 2155 dicere,
1921 2068 2456 2169 praecidimus7,
2495 2085 2567 2139 et

435 2206 521 2253 ex
546 2206 666 2268 ρο,
689 2181 892 2281 quod
909 2184 1055 2277 jam
1086 2182 1432 2270 diximUS,
1466 2185 1635 2254 satis
1664 2182 2100 2280 relinquitur
2117 2181 2569 2279 suspicioniS,

436 2294 535 2366 sic
567 2322 582 2365 :
610 2324 643 2360 α
670 2295 817 2384 Qui
844 2295 974 2365 ista
1011 2292 1243 2366 forma
1271 2309 1346 2366 et
1382 2308 1588 2366 aetate
1615 2318 1851 2393 nuper
1883 2293 2132 2366 alienae
2160 2291 2410 2363 domui
2423 2344 2566 2362 ......

434 2405 611 2476 nolo
648 2404 855 2504 plura
885 2404 1123 2476 dicere
1142 2437 1195 2474 u.
1238 2409 1372 2476 Per
1408 2405 1950 2476 similitudinem
1973 2458 1992 2490 ,
2031 2427 2294 2500 quum,
2332 2400 2570 2498 aliqua

438 2539 533 2604 re·
561 2513 773 2584 simili
809 2514 1059 2602 allata,
1096 2513 1276 2586 nihil
1322 2515 1630 2613 amplius
1671 2515 2011 2600 dicimuS,
2057 2512 2181 2584 sed
2227 2539 2314 2584 ex
2353 2539 2434 2582 ea
2477 2514 2570 2583 si-

437 2623 901 2723 gnificamuS,
943 2626 1118 2722 quid
1167 2629 1597 2714 sentiamus,
1638 2626 1782 2698 hoc
1821 2625 2086 2696 modo:
2132 2654 2166 2688 α
2203 2623 2409 2706 Noli,
2445 2627 2570 2694 Sa-

438 2735 769 2822 turnine,
808 2736 1115 2805 nimium
1140 2734 1397 2834 populi
1424 2733 1830 2836 frequentia
1863 2733 2092 2806 fretus
2131 2759 2306 2806 esse.
2345 2733 2573 2804 Inulti

434 2844 673 2942 jacent
729 2844 1034 2919 Gracchi
1054 2837 1087 2890 ⁸
1110 2875 1165 2914 n.
1205 2851 1371 2918 Haec
1425 2849 1807 2919 exornatio
1854 2846 2252 2944 plurimum
2296 2842 2568 2916 festivi-

510 3061 559 3110 4.
589 3053 652 3101 Ue
673 3052 733 3100 de
760 3069 817 3100 eo
834 3052 880 3100 si
902 3052 1058 3102 dieas.
1092 3055 1156 3101 Ue
1177 3054 1221 3102 si
1237 3054 1299 3104 de
1330 3055 1457 3102 eod.

439 3132 516 3180 ed.
542 3131 682 3179 Med.
720 3135 869 3194 1498.

509 3211 561 3261 5.
594 3211 695 3276 Qui
711 3211 975 3275 plurimum
1001 3212 1170 3261 εει-πίε.
1200 3215 1239 3260 1.
1267 3229 1308 3260 e.
1350 3211 1458 3277 plu-

440 3307 513 3339 ree
554 3290 844 3340 tamaium
866 3291 1047 3341 adiisti.
1087 3291 1293 3356 Proprie
1330 3292 1460 3339 enim

439 3387 635 3420 eernere
671 3370 1013 3430 hereditatem,
1040 3371 1313 3435 explicante
1338 3371 1456 3420 Em.

440 3453 491 3498 iu
510 3449 687 3510 Clave,
708 3459 781 3498 eet
802 3449 1067 3498 deliberare
1098 3450 1160 3498 de
1193 3449 1462 3498 hereditate

438 3541 600 3578 utrum
646 3545 751 3578 eam
806 3530 939 3578 edire
978 3530 1210 3589 velimus,
1271 3546 1461 3591 neene;

439 3609 643 3669 deinde,
681 3608 817 3673 quod
842 3609 941 3658 fere
977 3607 1105 3658 hanc
1148 3607 1462 3658 deliberatio·

440 3703 547 3735 nem
575 3686 700 3736 solet
717 3689 853 3752 sequi
872 3721 889 3747 ‚
913 3704 1016 3736 eam
1042 3687 1194 3736 adire.
1224 3689 1371 3739 Conf.
1399 3687 1463 3736 nd

440 3767 557 3814 Div.
594 3769 705 3826 nt,
745 3775 834 3828 τις
869 3765 933 3814 ad
970 3767 1245 3826 Attio-XI,
1272 3783 1317 3814 a.
1352 3768 1463 3815 Hoc

440 3844 554 3892 loco
578 3857 738 3893 autem
767 3861 919 3908 quum
953 3846 1199 3910 precedat
1220 3847 1466 3910 prospice·

442 3939 495 3971 re
508 3959 523 3984 ,
544 3923 687 3972 facile
707 3923 831 3971 illud
858 3925 1019 3988 accipi
1039 3934 1203 3988 potest
1224 3925 1275 3972 vi
1296 3925 1463 3972 viden·

443 4003 509 4054 di.
530 4005 708 4052 Wzn.

514 4082 568 4132 6.
600 4085 698 4131 Per
718 4082 1077 4132 abscissionem.
1106 4083 1258 4132 Bruil.
1302 4099 1464 4131 exem-

442 4163 551 4238 plar
574 4161 891 4217 abscisionem
910 4198 923 4222 ,
966 4162 1101 4226 quod
1134 4164 1253 4210 mire
1289 4163 1461 4226 probat

1551 3065 1810 3118 tueturque
1831 3070 1858 3101 e
1879 3053 2074 3118 scriptis
2089 3054 2207 3102 item
2234 3053 2333 3102 suis
2352 3053 2576 3101 Gifanius

1547 3135 1601 3182 in
1630 3133 2074 3183 observationibus
2111 3133 2211 3180 suis
2235 3133 2413 3198 linguae
2441 3136 2576 3183 Lati·

1548 3229 1652 3271 ηε,
1687 3212 1776 3261 ubi
1802 3213 2017 3262 ostendit
2052 3211 2320 3262 Veteribus*
2348 3214 2496 3262 fuisse
2521 3215 2574 3262 in

1547 3307 1642 3340 um
1667 3290 1975 3352 «abscisum,
2023 3291 2304 3352 abscidere,
2340 3291 2574 3340 abscisio-

1550 3387 1658 3419 nem
1677 3392 1720 3432 η.
1745 3373 1912 3420 Gau-r.
2125 3423 2130 3430 ,

1625 3467 1650 3512 7
1663 3486 1674 3498 .
1699 3449 1776 3508 aff,
1797 3465 1943 3514 quum
1964 3449 2216 3515 incipimus
2238 3449 2436 3515 aliquid
2449 3451 2582 3499 diee-

1551 3545 1631 3589 re,
1651 3528 1981 3594 previdimus.
2023 3528 2220 3579 sehiitz.
2247 3529 2575 3594 Oudendorp.

1551 3605 1784 3672 sequutus
1803 3645 1819 3670 ‚
1842 3631 1868 3650 ιι
1881 3609 1920 3656 εἰ
1945 3625 1993 3672 q.
2019 3609 2287 3673 incepimus
2303 3609 2364 3656 al.
2386 3607 2547 3657 dicere
2563 3646 2580 3666 ,

1552 3687 1730 3736 deinde
1769 3703 1921 3752 praec.
1939 3710 1966 3729 a
2004 3685 2196 3736 Deinde
2232 3686 2369 3734 adest
2404 3689 2456 3735 in
2497 3687 2578 3734 ed.

1551 3765 1690 3816 Med.
1720 3767 1874 3829 1498.

1625 3848 1674 3894 8.
1687 3846 1842 3894 Inulti
1842 3845 2024 3911 jacent
2046 3842 2269 3892 Gracchi.
2289 3843 2368 3891 Sic
2386 3844 2506 3892 Pan.
2525 3846 2578 3892 in

1553 3924 1689 3972 ltalia
1721 3925 1894 3989 scripti
1915 3937 1930 3971 ε
1951 3934 2000 3971 nt
2027 3932 2184 3986 quart.
2223 3931 2349 3968 sext.
2376 3943 2402 3962 c
2419 3921 2578 3971 stulti-

1553 3999 1636 4051 tite
1654 4005 1714 4054 C.
1753 4002 1964 4054 Gracchi
2005 4011 2282 4048 memento·
2303 4034 2318 4058 ,
2350 4001 2578 4064 quintus,

1555 4081 1842 4131 «stultitiam
1866 4097 2008 4129 cerne
2046 4078 2314 4141 Gncehi»;
2339 4079 2574 4128 medium-

1555 4177 1650 4224 que
1676 4161 1798 4210 illud
1827 4175 2107 4224 expressum
2145 4160 2259 4206 item
2303 4159 2353 4206 in
2377 4159 2576 4208 Gembl.
