2982 4682
683 417 810 484 AD
863 413 1460 500 HERENMUM,
1514 413 1787 484 LIBER
1841 405 1965 498 IV,
2016 405 2128 480 30.
2217 409 2223 414 ·
2332 409 2481 492 225

339 560 556 614 cuum
585 531 1058 636 possedisse⁸‚
1099 551 1224 608 aut
1267 561 1404 608 usu
1445 551 1655 608 tuum
1693 533 1982 619 fecisse,
2019 549 2145 605 aut
2190 540 2481 628 emisse,

341 665 464 722 aut
495 647 896 720 hereditate
933 645 1068 718 tibi
1093 647 1396 719 venisse.
1432 653 1761 720 Vaeuum
1782 700 1801 733 ‚
1830 668 2059 741 quum
2100 670 2233 743 ego
2270 651 2479 724 ades-

342 783 488 832 sem
507 815 526 848 ,
572 756 939 856 possidere
977 781 1128 828 non
1165 759 1464 854 potuisti
1505 783 1521 825 :
1562 771 1775 826 tuum
1800 779 1941 826 usu
1961 751 2213 829 fecisse
2238 760 2479 832 etiam-

345 895 518 942 num
556 892 708 939 non
752 883 964 965 potes
999 895 1016 938 ε
1061 868 1336 964 emptio
1377 866 1581 939 nulla
1622 863 1991 964 profertur
2025 893 2041 936 :
2076 864 2481 943 hereditate

343 981 514 1068 tibi,
542 1004 660 1051 me
695 981 895 1066 viVO,
931 1002 1091 1050 mea
1116 980 1428 1076 pecunia
1462 977 1713 1049 venire
1751 1001 1902 1047 non
1938 978 2203 1074 potuit.
2245 979 2487 1051 Relin-

343 1095 596 1190 quitur
627 1114 835 1188 erg0,
879 1101 966 1160 ut
997 1111 1118 1160 me
1157 1089 1230 1158 vi
1267 1086 1360 1159 de
1395 1111 1565 1160 meo
1604 1084 1837 1159 fundo
1874 1086 2291 1182 dejeceris».
2322 1095 2489 1162 Haec

345 1200 719 1273 exornatio
770 1198 1167 1296 plurimum
1204 1195 1489 1294 juvabit
1532 1195 2059 1292 conjecturales
2105 1221 2491 1294 argumena

345 1312 688 1397 tationes3
741 1306 869 1378 sed
913 1333 1064 1379 non
1114 1309 1284 1395 erit,
1341 1322 1714 1405 tamquam
1770 1307 1847 1377 in
1908 1306 2313 1404 plerisque,
2374 1324 2491 1396 ut,

346 1444 572 1518 quum
613 1418 924 1490 velimus
947 1471 966 1502 ,
1008 1442 1092 1488 ea
1130 1418 1493 1515 possimus
1540 1421 1644 1488 uti
1682 1443 1697 1486 :
1741 1441 1907 1488 nam
1946 1415 2181 1489 facere
2222 1418 2296 1490 id
2338 1423 2494 1490 non

348 1532 786 1629 poterimus»,
829 1531 968 1600 nisi
1011 1524 1226 1599 nobis
1269 1531 1426 1625 ipsa
1477 1527 1749 1624 negotii
1808 1541 2067 1598 natura
2128 1525 2333 1600 dabit
2381 1525 2485 1600 fa-

350 1639 710 1713 cultatem.

437 1754 661 1822 XXX.
699 1747 1394 1846 (xxx.)Dissolutio1
1427 1762 1535 1820 est
1560 1800 1581 1835 ‚
1618 1768 1781 1845 quae
1802 1802 1821 1835 ,
1845 1748 2491 1844 conjunctionibus

347 1859 738 1931 verborum
765 1882 806 1930 e
831 1857 1072 1929 medio
1095 1855 1394 1929 sublatis
1413 1913 1432 1944 ,
1453 1856 1781 1955 partibus
1802 1861 2144 1955 separatis
2164 1857 2491 1946 effertur,

347 1970 489 2040 hoc
523 1967 782 2040 modo:
808 1973 1051 2042 «Gere
1085 1992 1362 2039 morem
1397 1969 1725 2065 parenti,
1766 1992 1936 2064 pare
1970 1971 2331 2067 cognatis,
2352 1968 2491 2040 ob-

347 2101 653 2176 sequere
681 2080 954 2165 amicis,
979 2075 1406 2175 obtempera
1433 2075 1717 2172 legibus
1745 2106 1801 2146 ³».
1830 2081 2013 2149 Item
2030 2111 2095 2162 ,a
2113 2078 2493 2150 Descende

348 2191 424 2260 in
477 2190 836 2285 integram
875 2185 1414 2275 defensionem,
1471 2187 1622 2256 noli
1675 2185 2077 2284 quidquam
2114 2212 2450 2290 recusare
2477 2244 2496 2276 ‚

347 2297 436 2371 da
461 2323 707 2371 servos
739 2301 818 2369 in
845 2300 1316 2396 quaestionem
1335 2350 1356 2385 ,
1384 2295 1598 2370 stude
1630 2320 1878 2369 verum
1904 2299 2227 2371 invenire
2248 2328 2303 2369 n.
2336 2305 2494 2371 Hoc

345 2434 574 2508 genus
603 2424 676 2481 et
699 2410 1168 2481 acrimoniam
1197 2406 1419 2479 habet
1453 2410 1531 2479 in
1559 2432 1659 2495 se,
1683 2422 1755 2480 et
1774 2409 2487 2481 vehementissimum

347 2534 485 2607 est,
529 2533 602 2590 et
634 2517 726 2591 ad
764 2517 1192 2589 brevitatem
1227 2518 1875 2591 accommodatum.

443 2630 770 2701 Praecisio
794 2641 822 2674 ²
863 2644 1004 2715 est,
1045 2653 1276 2726 quum
1295 2682 1314 2714 ‚
1345 2628 2063 2727 dietis-quibusdam,
2092 2632 2453 2729 reliquum
2472 2689 2493 2719 ‚

345 2738 548 2836 quod
581 2752 906 2837 coeptum
944 2752 1052 2808 est
1086 2737 1260 2822 dici,
1297 2740 1740 2837 relinquitur
1779 2740 1853 2809 in
1898 2740 2349 2813 audientium
2379 2745 2493 2839 ju-

259 2848 280 2877 ‘'
347 2844 586 2921 dicio³
645 2850 794 2919 sic:
835 2846 1072 2919 «Mihi
1121 2862 1364 2919 tecum
1407 2851 1858 2945 proecertatio
1916 2876 2067 2921 nou
2132 2869 2278 2939 est,
2321 2853 2489 2926 ideo

346 2956 548 3056 quod
570 2957 888 3057 populus
910 2983 1256 3030 romanus
1280 2983 1493 3030 me....
1522 2958 1699 3031 nolo
1727 2958 1970 3031 dicere
1988 3014 2008 3042 ,
2038 2985 2133 3033 ne
2162 2967 2278 3034 cui
2305 2963 2490 3037 forte

345 3089 686 3167 arrogans
729 3066 974 3140 videar
1014 3096 1029 3138 ε
1081 3081 1152 3139 te
1208 3082 1449 3140 autem
1511 3093 1699 3167 saepe
1753 3072 2147 3167 ignominia
2190 3072 2489 3174 dignum

343 3292 470 3341 ordo
506 3300 582 3339 ent
619 3292 672 3339 in
709 3292 828 3340 edit.
857 3295 1010 3353 1474.
1036 3292 1209 3344 Recte.
1240 3293 1370 3343 Ean.

417 3372 469 3421 8.
507 3370 1050 3434 rumempomdisse,
1089 3370 1124 3420 i.
1151 3386 1197 3420 σ.
1223 3387 1374 3420 oeen-

343 3466 498 3515 puee.
522 3448 652 3496 Vide
676 3448 740 3497 ed
765 3450 818 3508 1,
847 3464 898 3499 ι.
924 3450 1052 3498 Eun.

415 3528 586 3576 111.
607 3542 652 3576 1.
673 3526 952 3587 Dis-solutio,
967 3522 1246 3586 ἀσύνδετον,
1265 3522 1372 3577 διά·

343 3608 506 3665 λυτον,
549 3602 860 3674 βραχυλογία.
901 3609 1013 3669 Qua
1050 3622 1104 3654 re
1127 3621 1157 3653 a
1185 3604 1370 3668 disjun-

345 3684 510 3733 ctione
541 3682 740 3733 dinem
767 3684 1070 3733 ostendimus
1099 3700 1146 3733 e.
1178 3699 1263 3745 ²7·
1290 3685 1366 3733 Cf.-

343 3764 554 3827 Quintil.
581 3766 691 3823 11,
717 3765 778 3823 33
805 3764 914 3813 Cic.
943 3767 1074 3813 Part.
1101 3764 1193 3814 Or.
1217 3764 1280 3823 6;
1307 3764 1370 3813 de

345 3842 484 3891 Orat.
499 3844 603 3903 111,
634 3842 701 3898 54
719 3877 735 3901 ,
757 3858 835 3891 or.
863 3844 950 3905 39.

415 3937 466 3970 a.
511 3922 760 3971 Praeoist‘o.
801 3925 972 3971 Graece
1021 3918 1367 3982 ἀποσιώπησις,

343 3999 514 4063 gallice
549 4000 816 4050 redemen-
842 4002 930 4050 nst
961 4002 1114 4062 infre,
1136 4017 1244 4067 cep-
1271 4004 1338 4056 54
1353 4030 1370 4062 ‚

343 4078 592 4130 abscissio.
621 4076 834 4143 Quintil.
871 4081 978 4138 IX,
1007 4096 1068 4141 a,
1094 4096 1254 4145 paen
1279 4097 1371 4129 no-

344 4157 476 4205 mine
508 4174 656 4219 usus,
689 4168 896 4206 tentatur
927 4158 1060 4221 apud
1083 4160 1368 4209 Ciceronem

491 4248 550 4314 Ῑ.
606 4262 698 4307 cie.
715 4274 825 4320 pan
846 4260 1010 4321 prima.

1465 3310 1569 3342 esne
1593 3294 1913 3343 reticentiam.
1946 3298 2107 3359 Quem
2133 3310 2304 3347 vocem
2342 3301 2490 3349 semel

1459 3372 1619 3436 reperi
1648 3372 1711 3421 de
1733 3374 1869 3421 orat.
1896 3376 1998 3434 111,
2028 3376 2126 3433 53,
2152 3376 2287 3425 null·
2316 3377 2489 3426 defiui-

1461 3452 1613 3501 tione.
1633 3450 1729 3501 Sed
1756 3452 1889 3516 apud
1927 3454 2139 3516 Quintil.
2165 3454 2491 3515 ἀποσιώπησις

1456 3532 1601 3597 plura
1620 3531 1963 3596 conplectitur
1974 3548 2147 3597 genere
2166 3550 2311 3599 quam
2322 3537 2493 3586 Nostri

1457 3610 1702 3676 pra-cisio.

1531 3690 1579 3737 3.
1613 3684 1762 3755 Qieod
1795 3706 1840 3737 c.
1862 3700 1935 3737 ese
1953 3690 2055 3739 dien·
2068 3726 2085 3749 ,
2117 3708 2161 3741 r.
2190 3692 2241 3740 in
2266 3692 2488 3740 audient.

1446 3767 1654 3834 judicio.
1688 3767 1811 3817 Pau.
1838 3767 2030 3833 aliquot
2044 3804 2059 3827 ,
2091 3770 2209 3819 item
2231 3772 2453 3818 Tosanus
2468 3803 2484 3832 ,

1459 3849 1541 3895 Br.
1564 3847 1706 3896 Brab.
1727 3856 1777 3895 et
1788 3857 1908 3895 vett.
1932 3849 2183 3897 nonnullo
2210 3848 2352 3897 editt.
2376 3864 2489 3897 uti-e·

1457 3926 1697 3990 linquitur
1718 3926 2003 3975 inchoatum
2026 3928 2097 3973 eie
2134 3927 2255 3974 mihi
2276 3947 2322 3974 ι.
2367 3928 2487 3976 Non

1459 4006 1682 4070 probem.
1722 4006 1888 4053 Gau-r.
1922 4030 1975 4040 —
2006 4004 2121 4053 Seli.
2156 4005 2489 4069 «relinquitur

1460 4086 1743 4133 inchoatum
1762 4085 1817 4131 in
1833 4081 2134 4132 audientium
2143 4084 2339 4144 judicio
2358 4085 2428 4133 sie
2444 4108 2489 4137 ι.

1459 4164 1534 4210 Ita
1552 4166 1699 4211 Ἴου.
1725 4179 1744 4211 ι
1774 4172 1821 4210 et
1848 4162 1967 4213 edit.
1984 4162 2273 4211 Omniboni.

2210 4248 2293 4320 15
