2982 4682
506 335 647 423 466
1194 336 1287 403 M.
1341 337 1418 403 T.
1470 334 1956 403 clcssaoms

507 456 788 541 fecerit,
824 450 949 523 sed
1006 464 1129 523 aut
1178 451 1479 537 sultitia,
1551 468 1676 523 aut
1731 452 2050 549 impulsu
2113 449 2453 545 alicujuS,
2509 467 2635 523 aut

508 567 749 662 aliqua
790 562 1093 632 honesta
1136 576 1261 631 aut
1300 560 1667 658 probabili
1713 585 1962 647 causa3
1993 573 2243 658 postea
2275 559 2634 657 polliceri,

507 691 583 747 et
618 670 1087 757 confirmare,
1129 694 1204 741 se
1244 687 1319 741 et
1353 670 1494 741 hoc
1535 686 1838 769 peccato
1878 670 2210 757 doctum,
2252 684 2324 741 et
2359 668 2632 741 benefi-

509 786 623 857 cio
676 805 969 865 eorum,
1014 781 1142 875 qui
1182 778 1323 851 sibi
1359 782 1806 876 ignoverint,
1861 778 2400 867 confirmatum,
2435 781 2634 849 omni

506 909 835 991 tempore
864 915 905 959 a
929 890 1053 961 tali
1074 892 1352 961 ratione
1380 888 1842 974 abfuturum3
1879 889 2142 961 deinde
2169 914 2370 987 spem
2399 904 2634 961 osten-

504 1001 676 1074 dere
698 1055 717 1086 ,
756 1000 998 1097 aliquo
1030 1023 1107 1070 se
1144 1000 1221 1070 in
1256 998 1421 1069 loco
1440 1053 1460 1085 ,
1499 1024 1763 1097 magno
1787 1001 1872 1070 iis
1894 1053 1914 1085 ,
1945 1002 2075 1097 qui
2099 999 2238 1071 sibi
2270 1024 2636 1073 concesse-

506 1113 689 1197 rint,
724 1110 889 1180 usui
936 1108 1301 1195 futurum3
1346 1124 1633 1205 postea,
1671 1111 1732 1180 si
1767 1107 2062 1181 facultas
2105 1113 2284 1199 erit,
2329 1134 2406 1182 se
2431 1165 2452 1197 ‚
2509 1125 2634 1181 aut

506 1220 1167 1317 consanguineum,
1214 1231 1341 1289 aut
1362 1219 1510 1312 jam
1540 1244 1580 1287 a
1617 1218 2013 1314 majoribus
2035 1231 2058 1265 ¹
2095 1222 2425 1318 inprimis
2463 1225 2632 1291 ami-

508 1356 676 1402 cum
708 1354 860 1401 esse
900 1324 1461 1409 demonstrabit;
1498 1342 1574 1398 et
1607 1328 2159 1427 amplitudinem
2195 1354 2340 1399 suae
2377 1329 2630 1401 volun-

510 1444 709 1525 tatis,
763 1454 839 1510 et
888 1436 1335 1508 nobilitatem
1379 1440 1663 1534 generis
1715 1463 2007 1531 eorum,
2061 1441 2188 1537 qui
2241 1462 2318 1509 se
2363 1438 2628 1509 salvum

510 1552 763 1631 velint,
802 1564 875 1619 et
909 1546 1329 1645 dignitatem
1376 1547 1794 1638 ostendere;
1841 1565 1914 1621 et
1967 1565 2204 1621 cetera
2253 1560 2416 1635 ea',
2471 1574 2631 1646 quae

512 1662 835 1759 personis
870 1657 959 1729 ad
1006 1657 1461 1730 honestatem
1507 1674 1582 1729 et
1627 1658 2180 1757 amplitudinem
2223 1674 2396 1731 sunt
2433 1662 2634 1731 attri-

504 1768 719 1857 buta,
758 1792 923 1839 cum
956 1772 1483 1864 conquestione
1505 1824 1525 1855 ,
1563 1770 1717 1840 sine
1757 1775 2162 1867 arrogantia
2183 1822 2203 1854 ,
2240 1773 2318 1839 in
2359 1795 2436 1841 se
2481 1794 2632 1841 esse

510 1876 1071 1965 demonstrabit,
1128 1892 1214 1947 ut
1268 1878 1548 1949 honore
1597 1880 1846 1977 potius
1887 1880 2164 1977 aliquo,
2215 1904 2431 1977 quam
2483 1880 2633 1951 ullo

506 1988 865 2087 supplicio
914 1986 1183 2084 dignus
1230 2012 1383 2059 esse
1426 1988 1792 2073 videntum
1836 1989 2099 2061 deinde
2143 2006 2420 2062 eeteros
2464 2013 2630 2086 pro·

512 2098 731 2186 ferre,
754 2096 1025 2195 quibus
1048 2099 1322 2193 majora
1350 2098 1610 2170 delicta
1643 2122 1981 2183 concessa
2009 2104 2169 2171 sint.
2190 2105 2288 2171 Ac
2324 2099 2632 2170 multum

508 2208 866 2307 proficiet,
924 2210 983 2278 si
1016 2232 1091 2279 se
1120 2208 1654 2279 misericordem
1683 2210 1756 2279 in
1791 2224 2180 2305 potestate,
2215 2224 2286 2280 et
2320 2234 2634 2307 propen-

508 2345 671 2392 sum
720 2318 807 2389 ad
846 2317 1369 2416 ignoscendum
1426 2317 1644 2390 fuisse
1699 2320 2056 2392 ostendet.
2113 2322 2350 2418 Atque
2396 2322 2630 2418 ipsum

508 2430 683 2502 illud
722 2443 1093 2527 peccatum
1116 2429 1249 2498 erit
1283 2428 1858 2518 extenuandum,
1899 2445 1980 2502 ut
2011 2455 2233 2528 quam
2254 2433 2632 2502 minimum

507 2539 725 2612 fuisse
754 2535 1159 2624 videatur33
1190 2553 1262 2638 et
1283 2552 1411 2607 aut
1434 2552 1684 2635 turpe,
1705 2556 1830 2636 aut
1856 2542 2114 2612 inutile
2145 2541 2634 2613 demonstran·

509 2651 683 2722 dum
704 2701 725 2732 ,
770 2647 893 2718 tali
927 2646 1017 2717 de
1047 2645 1340 2718 homine
1360 2647 1798 2745 supplicium
1820 2674 2122 2720 sumere.
2147 2650 2426 2722 Deinde
2458 2650 2636 2721 locis

510 2755 1021 2830 communibus
1060 2757 1616 2832 misericordiam
1657 2762 1992 2855 captare‘*
2031 2761 2398 2858 oportebit
2429 2787 2520 2832 ex
2547 2761 2634 2830 iis

508 2869 921 2966 proecept'iS,
972 2889 1135 2963 quae
1167 2867 1243 2936 iu
1282 2867 1518 2964 primo
1559 2866 1747 2938 libro
1782 2879 1954 2939 sunt
1987 2871 2337 2968 exposita.

604 2979 924 3048 XXXVI.
967 2977 1269 3072 (xxxw.)
1306 2976 1771 3048 Adversarius
1807 2993 2047 3050 autem
2089 2978 2461 3054 malefacta
2503 3005 2630 3052 au-

582 3185 801 3234 XIKV.
846 3199 893 3231 ι.
930 3187 1035 3230 Aue
1053 3182 1165 3248 jam
1201 3199 1237 3232 a
1262 3183 1528 3247 majoribus
1613 3184 1706 3232 lint
1723 3217 1740 3244 ,
1764 3196 1849 3233 aut
1883 3186 2091 3235 amicum
2117 3203 2220 3236 ene
2247 3187 2634 3248 demonstr-bin

510 3263 729 3329 inprimis
746 3298 763 3322 ,
800 3272 895 3312 ete.
938 3261 1061 3310 Pau.
1092 3263 1293 3325 repetita
1316 3261 1496 3311 vocula
1512 3296 1526 3319 ‚
1616 3273 1665 3311 et
1691 3264 2060 3329 amplitudinem
2101 3283 2202 3317 oue
2243 3267 2535 3329 voluntatis,
2577 3277 2628 3315 et

508 3355 599 3392 aue
622 3342 673 3390 in
695 3341 880 3406 primis.
914 3341 1063 3388 Grev.
1102 3339 1403 3400 «majoribus
1444 3352 1531 3390 ant
1617 3342 1920 3392 nobilitatem
1969 3347 2157 3409 generis
2177 3383 2191 3408 ,
2241 3358 2292 3395 et
2345 3346 2630 3410 dignitatem

508 3423 677 3488 primis
692 3443 733 3471 ο.
750 3420 1017 3483 Quomodo
1034 3418 1340 3468 emendatum
1361 3421 1413 3468 in
1428 3419 1530 3467 Pal.
1618 3421 1840 3472 ostendet
1857 3444 1897 3471 ι.

506 3514 617 3553 tert.
643 3499 930 3563 videturque
950 3497 1181 3562 probatae
1202 3498 1522 3549 Gulielmius:
1691 3515 1744 3548 a.
1774 3505 1839 3549 Ec
1855 3516 2014 3552 cerem
2042 3519 2121 3552 ea.
2154 3502 2268 3551 Seh.
2295 3502 2423 3550 delet
2439 3519 2520 3550 ea.

505 3581 777 3631 maluissem
804 3593 897 3642 ego
926 3591 1037 3624 cnm
1058 3575 1187 3624 libro
1217 3579 1521 3640 Augusteum,
1683 3579 1731 3628 3.
1757 3581 1820 3628 Ue
1843 3597 1994 3645 quam
2021 3581 2268 3629 minimum
2279 3581 2441 3646 jinkse
2457 3581 2634 3630 videa·

504 3658 867 3720 cautioribus
896 3657 1121 3720 primis».
1149 3657 1411 3704 Lambinus
1439 3657 1522 3706 hie
1609 3668 1707 3715 tur,
1736 3669 1833 3707 ete.
1865 3661 2052 3708 Emoet.
2070 3661 2267 3709 Lallem.
2297 3671 2346 3708 et
2375 3659 2636 3710 Schiitzius

500 3755 702 3804 regnum
725 3753 869 3785 suum
881 3735 1123 3793 exercuit,
1146 3736 1520 3798 transponendi·
1610 3737 1726 3784 dant
1758 3749 1852 3785 «ut
1873 3755 2016 3801 quam
2043 3740 2294 3787 minimum
2321 3739 2534 3788 obfuisse
2561 3742 2638 3788 vi·

500 3819 733 3876 vocibus,
756 3825 933 3881 preter
974 3829 1141 3862 omnes
1176 3815 1316 3862 MSS.
1352 3815 1518 3862 Gnnr.
1609 3815 1797 3874 dentur,
1830 3827 1922 3866 ete.
1944 3839 1969 3859 ι-

499 3925 567 3936 --
592 3897 675 3944 Sio
716 3895 845 3942 enim
890 3894 1053 3942 loen·
1097 3893 1229 3940 hune
1262 3892 1525 3940 Lambinus
1683 3903 1733 3950 4.
1760 3894 2144 3943 Misericordiam
2157 3908 2376 3961 captare.
2395 3898 2520 3960 Cap.
2553 3899 2636 3945 18.

498 3975 715 4025 obtulit:
738 3973 1203 4035 «consanguineum
1220 4005 1235 4028 ,
1252 3971 1524 4031 majoribus
1611 3975 1756 4022 Conf.
1795 3976 1976 4022 lieren.
2017 3978 2040 4022 1
2057 4009 2072 4032 ‚
2110 3978 2154 4024 5.
2178 4004 2249 4013 —
2277 3975 2420 4022 Libro
2452 3977 2632 4040 primo.

494 4057 551 4100 in
577 4053 745 4117 primis
784 4067 983 4108 eorum,
1017 4051 1101 4112 qni
1136 4065 1189 4096 ne
1221 4050 1405 4097 salvum
1440 4067 1522 4098 ve·
1611 4055 1732 4116 Cap.
1768 4053 1850 4101 5⁵.
1873 4053 2040 4101 th.
2430 4061 2436 4067 ·
