2982 4682
728 414 854 482 DE
905 411 1505 498 ῙΝνΕΝΤιοΝΕ,
1553 412 1821 481 ΗΒΕ-Β
1868 413 1939 493 1,
1993 407 2103 482 55.
2338 411 2475 510 387

357 541 591 638 dignae
623 547 864 622 aetate,
900 556 1200 631 genere,
1223 530 1551 620 fortuna,
1576 533 1883 632 pristino
1912 532 2227 624 honore,
2261 535 2482 610 bene·

357 650 573 730 ficiis,
617 669 798 745 quas
844 646 1030 743 passi
1069 646 1566 743 perpessurive
1596 645 1758 715 sint.
1791 635 2155 735 Quintus⁵
2186 662 2319 737 est,
2348 673 2481 746 per

358 737 578 859 quem
615 757 862 830 omnia
907 769 1072 826 ante
1108 755 1358 827 oculos
1394 753 1805 851 singillatim
1846 755 2305 828 incommoda
2333 776 2479 856 'po-

360 885 652 956 nentur,
672 883 756 939 ut
781 865 1111 937 videatur
1138 866 1230 952 is,
1263 865 1392 960 qui
1417 863 1649 952 audit,
1678 863 1954 952 videre,
1985 878 2057 935 et
2083 889 2163 936 re
2191 890 2486 963 quoque

363 983 548 1079 ipsa,
570 981 780 1076 quasi
807 975 1026 1064 adsit,
1047 999 1200 1046 non
1221 973 1462 1045 verbis
1487 973 1725 1046 solum
1748 1028 1767 1061 ,
1806 975 1897 1045 ad
1921 977 2484 1048 misericordiam

361 1089 696 1162 ducatur.
727 1091 1019 1176 Sextus,
1063 1109 1200 1184 per
1234 1107 1455 1182 quem
1481 1079 1515 1129 ⁶
1549 1099 1807 1182 praeter
1836 1107 2037 1182 spem
2074 1088 2152 1156 in
2189 1088 2490 1158 miseriis

367 1199 905 1272 demonstratur
951 1219 1149 1283 esse3
1191 1209 1297 1284 et,
1351 1216 1581 1293 quum
1638 1193 1953 1291 aliquid⁷
2012 1205 2492 1294 exspectaret,

367 1335 518 1382 non
549 1305 771 1380 modo
813 1305 886 1376 id
923 1329 1070 1376 non
1105 1301 1460 1402 adeptus⁸
1494 1327 1650 1375 esse
1671 1358 1692 1393 ,
1734 1303 1861 1374 sed
1896 1307 1973 1374 in
2008 1327 2324 1378 summas
2352 1309 2488 1376 mi·

371 1421 587 1491 serias
621 1415 972 1488 incidisse.
1029 1415 1474 1512 Septimusv,
1518 1437 1652 1512 per
1684 1438 1902 1510 quem
1938 1413 2029 1486 ad
2082 1417 2277 1512 ipsos
2298 1470 2317 1504 ,
2368 1417 2497 1512 qui

371 1527 713 1613 audiunt,
757 1522 1330 1596 similemcssum
1368 1527 1897 1611 convertimus,
1932 1539 2006 1595 et
2032 1527 2382 1621 petimus,
2412 1540 2498 1597 ut

372 1635 464 1708 de
499 1631 646 1707 suis
696 1633 971 1720 liberis,
1011 1647 1136 1704 sut
1181 1631 1643 1729 parentibus,
1688 1647 1817 1702 aut
1856 1633 2133 1730 aliqu0,
2198 1637 2326 1732 qui
2362 1635 2499 1706 illis

375 1771 582 1818 carus
619 1743 878 1816 debeat
915 1765 1070 1815 esse
1091 1797 1112 1830 ,
1171 1767 1308 1814 nos
1343 1767 1575 1838 quum
1616 1742 1939 1831 videant,
2000 1743 2496 1818 recordentur.

380 1859 735 1940 OctavuS,
778 1877 910 1952 per
937 1876 1158 1950 quem
1186 1851 1458 1948 aliquid
1485 1851 1751 1922 dicitur
1784 1875 1934 1922 esse
1966 1852 2232 1924 factum
2250 1909 2269 1939 ‚
2305 1856 2503 1952 quod

375 1989 530 2036 non
575 1965 1026 2061 oportuerit,
1077 1976 1204 2032 aut
1259 1984 1412 2030 non
1463 1958 1768 2047 factum,
1810 1961 2011 2058 quod
2058 1969 2505 2060 oportuerit,

345 2089 351 2099 ’
387 2075 528 2146 hoc
567 2072 790 2144 modo
835 2099 852 2140 z
887 2101 921 2137 α
957 2073 1124 2142 Non
1171 2068 1386 2157 affui,
1435 2094 1583 2139 non
1640 2068 1821 2156 vidi,
1867 2093 2013 2140 non
2063 2087 2503 2167 postremam

381 2186 538 2278 ejus
569 2206 820 2254 vocem
853 2179 1124 2266 audivi,
1151 2203 1302 2250 non
1341 2193 1744 2250 extremum
1772 2182 1835 2276 ej
1846 2203 1933 2250 us
1958 2182 2371 2277 spiritum¹⁰
2394 2209 2508 2254 ex-

379 2295 541 2391 cepi
571 2323 633 2366 ».
676 2295 858 2365 Item
896 2317 914 2361 :
959 2319 994 2359 α
1019 2290 1490 2365 Inimicorum
1529 2290 1603 2359 in
1643 2289 1977 2363 manibus
2020 2307 2347 2365 mortuus
2366 2308 2505 2375 est.

383 2390 738 2477 hostili'in
777 2417 966 2474 terra
999 2405 1312 2497 turpiter
1347 2400 1574 2495 jacuit
1608 2402 2051 2499 insepultus3
2098 2426 2141 2473 a
2176 2401 2345 2473 feris
2380 2400 2507 2475 diu

384 2528 712 2598 vexatus,
743 2512 1116 2585 communi
1145 2534 1444 2607 quoque
1486 2510 1771 2585 honore
1806 2514 1881 2583 in
1930 2528 2168 2585 morte
2204 2515 2434 2584 caruit
2451 2536 2513 2582 n:

385 2626 671 2711 Nonus,
705 2646 838 2721 per
867 2644 1087 2719 quem
1129 2622 1358 2691 oratio
1401 2618 1490 2691 sd
1528 2636 1763 2693 mutas
1808 2636 1883 2693 et
1927 2637 2261 2721 expertes
2294 2624 2512 2695 animi

389 2870 536 2921 mb-
553 2892 580 2913 α
599 2886 688 2937 pei·
709 2870 1118 2933 conque-soum
1147 2866 1245 2915 diei
1262 2876 1405 2931 pote·
1491 2866 1694 2920 sehin.
1719 2868 1861 2918 sddit
1891 2869 2035 2926 boni,
2076 2870 2267 2921 ἥπατι-ι.
2286 2872 2338 2921 J.
2360 2873 2424 2922 V.
2458 2874 2514 2925 L.

388 2960 504 3003 runt
524 2972 574 3008 ι,
608 2949 848 3014 spodosin
887 2949 1076 2997 fuciunt
1115 2947 1406 2997 sententie:
1494 2975 1567 2985 —
1604 2948 1950 3014 oppositionis
1992 2951 2066 2999 vis
2104 2950 2417 3015 postdsbst,
2462 2964 2521 3001 ut

393 3051 419 3071 ι
437 3031 478 3076 si
505 3044 600 3093 qus
625 3026 934 3075 incommoda
954 3048 975 3067 ι
993 3059 1009 3085 ,
1047 3024 1133 3072 nbi
1169 3024 1406 3073 subintel·
1498 3026 1662 3075 «honi
1706 3026 1892 3091 sliquid
1934 3040 2237 3092 exspectaret
2266 3050 2289 3073 ι
2344 3032 2521 3081 scribe·

389 3106 645 3171 ligendnm
668 3118 800 3153 sum.
831 3131 900 3143 -
921 3103 1186 3151 Wetselius
1212 3117 1408 3167 quoque
1498 3122 1677 3155 minus.
1699 3106 1815 3154 Scn.

393 3186 497 3234 haee
525 3185 676 3233 msiit.
1573 3186 1627 3233 8.
1644 3184 1758 3232 Non
1777 3184 1997 3249 adeptus,
2022 3202 2111 3249 pro
2126 3186 2255 3253 vulg.
2274 3189 2522 3255 adeptum,

469 3272 517 3315 5.
555 3264 776 3328 Quintus.
815 3260 932 3311 Non
972 3260 1191 3307 (livertas
1223 3273 1251 3305 ⁸
1285 3256 1416 3306 (12⁰1-
1503 3278 1615 3311 eum
1642 3262 1880 3311 Lambino
1905 3263 2129 3315 dedimus
2144 3295 2159 3322 2
2186 3266 2337 3333 idque
2364 3270 2525 3320 letini-

395 3358 478 3391 mo
504 3342 853 3408 indignationis
879 3340 1196 3389 loeo-Wrrz.
1502 3352 1577 3390 tss
1603 3343 1837 3406 postulat.
1868 3344 1992 3393 Eut.
2412 3332 2417 3339 ¹

467 3421 523 3467 6.
563 3422 658 3468 Per
681 3436 848 3485 quem.
862 3453 901 3469 ..
914 3418 1272 3467 demonstratur
1298 3429 1414 3462 esse.
1574 3436 1624 3484 9.
1642 3420 1893 3486 Septimus.
1914 3424 2033 3471 Non
2054 3424 2272 3475 diversus
2289 3444 2316 3475 s
2330 3439 2528 3491 qumo-

399 3496 595 3548 sehfitz.
611 3498 760 3548 habet
778 3516 905 3565 «per
931 3516 1076 3563 quem
1095 3495 1271 3560 anquis
1287 3508 1416 3558 pm·
1508 3498 1697 3548 decimo
1722 3501 2074 3565 indignationis
2100 3505 2215 3554 loco
2234 3542 2249 3567 ,
2269 3522 2315 3553 c.
2340 3508 2405 3556 54
2420 3542 2437 3565 ‚
2466 3508 2525 3567 ὃς

403 3587 478 3625 ter
507 3592 672 3640 spem,
710 3588 806 3627 ete.
827 3598 848 3621 ο
889 3574 1276 3626 constructionis
1317 3570 1418 3619 ful·
1508 3594 1659 3642 qnum
1684 3578 1748 3626 sd
1768 3579 1959 3640 iudices
1992 3584 2218 3632 conversi
2244 3584 2307 3632 sb
2332 3584 2409 3632 his
2434 3602 2525 3651 pe-

401 3653 590 3701 ciendm
613 3670 752 3702 esuss
765 3688 779 3712 ,
808 3670 958 3719 quum
987 3656 1070 3705 hie
1091 3654 1320 3702 transitus
1335 3648 1421 3697 fist
1510 3658 1683 3715 timon,
1718 3668 1773 3705 ut
1805 3658 1866 3706 de
1896 3659 2109 3709 fortune
2140 3663 2368 3709 „flente
2396 3664 2529 3726 0033-

399 3748 434 3780 s
458 3732 635 3795 plurali
665 3748 870 3783 numero
886 3768 900 3792 ,
936 3733 991 3781 in
1019 3734 1264 3799 prioribus
1291 3732 1424 3777 mise-
1510 3745 1669 3785 tsntes
1697 3736 1899 3785 similem
1928 3754 2091 3787 essum
2130 3740 2197 3788 ob
2231 3739 2403 3788 oeulos
2436 3740 2531 3789 sibi

404 3810 630 3859 ricordioe
663 3810 788 3858 loeis
825 3822 1086 3876 usurpato,
1112 3812 1176 3859 sd
1213 3808 1424 3873 singula·
1511 3825 1723 3879 ponant.
1746 3817 1921 3865 Wzrz.

405 3904 523 3939 rem.
547 3890 656 3947 Sic,
673 3888 863 3953 inquit,
881 3902 1048 3953 postes
1067 3906 1170 3940 non
1195 3898 1266 3938 est
1289 3884 1425 3951 quod
1588 3908 1671 3941 xo.
1709 3892 1823 3943 Non
1861 3905 1993 3945 extr.
2024 3895 2129 3961 ejus
2158 3896 2395 3960 spiritum.
2419 3888 2529 3945 seh.

407 3978 716 4034 exspectaret
751 3966 806 4013 in
850 3982 1150 4034 exspectares
1189 3976 1426 4025 mutetur,
1514 3972 1661 4021 hsbet
1711 3995 1735 4014 ι
1755 3989 1859 4022 non
1909 3984 2179 4023 extremum
2236 3975 2461 4039 spiritum
2476 4000 2502 4019 a·
2516 4012 2533 4036 ,

405 4048 543 4115 quod
571 4046 818 4113 Pin-goldo
845 4045 898 4096 in
923 4060 1132 4098 mentem
1157 4050 1308 4099 venit.
1513 4050 1802 4101 Lambinum
1847 4062 2081 4118 sequutus
2102 4088 2118 4115 ,
2160 4056 2247 4119 qui
2294 4057 2401 4123 ejus
2453 4060 2538 4111 de.

485 4144 536 4189 7.
581 4126 649 4174 Be
688 4140 835 4191 quum
875 4124 1072 4191 aliquid
1109 4140 1427 4193 est-spectaret.
1513 4128 1650 4179 levit.

2187 4216 2296 4289 25.
