2982 4682
551 364 635 410 10

1219 343 1317 412 Μ.
1369 345 1445 412 Τ.
1500 343 1989 416 CICERONIS

535 463 732 558 pium
784 461 1169 550 orationis,
1219 487 1352 561 per
1386 465 1589 561 quod
1612 465 1644 522 4
1682 469 1967 540 animus
2014 466 2365 540 auditoris
2408 473 2669 542 consti-

535 572 765 642 tuitur
788 559 927 641 ad⁵
957 571 1423 648 audiendum.
1461 578 1789 648 Narratio
1835 592 1946 649 est
1986 602 2231 649 rerum
2270 594 2667 675 gestarum,

533 695 658 752 aut
690 681 992 779 perinde
1035 697 1118 754 ut
1161 697 1563 782 gestarum,
1613 688 1988 785 expositio.
2030 689 2304 761 Divisio
2347 704 2456 762 est
2476 743 2497 778 ‚
2538 715 2670 788 per

531 815 754 889 quam
779 798 1141 893 aperimus
1158 848 1181 883 ‚
1209 793 1388 892 quid
1419 799 1836 887 conveniat,
1874 798 2053 896 quid
2076 798 2153 870 in
2184 801 2670 871 controversia
2752 849 2766 860 ,

531 903 656 992 sit3
693 919 767 976 et
805 929 937 1002 per
972 929 1189 1003 quam
1225 907 1656 1003 exponimus
1673 905 1732 997 ⁶,
1759 907 2031 1005 quibus
2061 907 2155 980 de
2192 906 2413 981 rebus
2445 910 2667 981 simus

531 1012 794 1085 dicturi
816 1025 871 1086 7.
923 1013 1391 1088 Confirmatio
1439 1029 1549 1088 est
1602 1032 2021 1096 nostrorum
2072 1033 2665 1116 argumentorum

527 1126 880 1221 expositio
921 1149 1086 1196 cum
1125 1126 1650 1198 asseveratione
1670 1121 1724 1196 ⁸.
1768 1124 2185 1202 Confutatio
2225 1142 2334 1198 est
2374 1140 2664 1199 contra-

529 1233 803 1305 riorum
848 1232 1172 1306 locorum
1213 1232 1610 1310 dissolutio.
1668 1237 2051 1308 Conclusio
2090 1253 2201 1311 est
2239 1236 2665 1310 artificiosus

529 1348 880 1418 terminus
921 1347 1336 1420 orationis9.
1370 1351 1619 1436 Nunc,
1652 1351 1999 1446 quoniam
2038 1373 2187 1422 una
2220 1375 2385 1422 cum
2426 1353 2666 1422 orato-

527 1460 628 1528 ris
671 1455 925 1529 officiis
944 1512 965 1548 ,
1011 1483 1161 1555 quo
1208 1483 1322 1534 res
1365 1462 1663 1557 cognitu
1706 1457 1981 1532 facilior
2026 1473 2209 1532 esset
2233 1514 2254 1544 ‚
2324 1460 2665 1558 producti

527 1590 810 1656 summ,
853 1582 936 1638 ut
979 1567 1070 1641 de
1112 1570 1460 1641 orationis
1506 1567 1832 1668 partibus
1877 1569 2341 1666 loqueremur
2360 1623 2381 1660 ,
2426 1586 2499 1643 et
2540 1596 2662 1643 eas

527 1781 583 1830 in
618 1783 982 1834 recentioribus.
1020 1787 1132 1834 Hoc
1168 1786 1316 1836 semel
1349 1801 1550 1842 monere

527 1863 678 1912 satius
725 1863 934 1927 videtur,
961 1881 1108 1931 quam
1156 1875 1327 1931 postea
1381 1877 1549 1920 notare

526 1943 721 2006 quoties
747 1945 970 1994 recurrit.

599 2024 651 2082 4.
665 2021 932 2071 &otulfum
943 2034 1018 2072 est
1026 2023 1183 2088 pn‘ne.
1202 2040 1276 2074 or.
1287 2039 1383 2090 per
1398 2023 1547 2089 quod.

526 2087 692 2164 Quum
725 2101 901 2150 deinde
932 2103 1189 2154 exordium
1216 2103 1461 2152 dividatur
1494 2102 1549 2151 in

517 2179 817 2245 principium
843 2195 894 2232 et
917 2181 1290 2231 insinuationem
1310 2219 1326 2246 ,
1353 2183 1545 2230 incom-

528 2257 730 2308 modum
754 2271 828 2308 est
853 2262 908 2310 in
931 2261 1215 2310 definitione
1233 2259 1423 2310 exordii
1451 2276 1547 2308 vo-

527 2340 756 2390 cabulum
785 2341 1084 2408 principiam
1124 2344 1274 2408 poui3
1317 2352 1368 2392 et
1405 2340 1548 2391 facile

525 2422 689 2484 potuit
722 2438 751 2469 a
785 2421 1049 2486 glossatore
1086 2421 1338 2471 inculcari.
1380 2422 1460 2470 Sic
1497 2432 1547 2468 et

525 2511 693 2563 postea
719 2500 930 2549 dicitur:
961 2500 1138 2549 divisio
1159 2512 1237 2549 est
1264 2515 1542 2565 perquam,

527 2587 620 2625 ete.
647 2588 696 2626 et
721 2577 793 2625 sio
818 2580 1012 2643 saepius.
1037 2582 1156 2629 Sca.

599 2656 648 2703 5.
695 2655 905 2704 Animas
954 2658 1076 2707 aad.
1123 2654 1430 2705 constituitur
1473 2658 1551 2709 ad

522 2734 840 2783 audiendum.
869 2736 1081 2799 Quidam
1102 2736 1217 2785 libri
1235 2772 1252 2799 ,
1279 2745 1335 2788 ut
1354 2746 1405 2785 ot
1429 2736 1541 2785 ood-

523 2816 654 2878 Aug.
689 2812 771 2861 hie
813 2815 1004 2864 addunt
1036 2827 1124 2864 aut
1149 2813 1329 2881 judicis
1347 2848 1364 2875 ,
1405 2814 1543 2884 quod

523 2905 653 2942 reete
691 2892 872 2943 delevit
907 2896 1095 2945 Erneat.
1125 2906 1244 2962 post
1275 2897 1541 2945 Graevium.

523 2974 585 3021 Et
613 2972 725 3021 cod.
752 2974 922 3024 Duiah.
947 2984 1200 3039 utramque
1225 2972 1431 3039 glossam
1455 2974 1547 3023 vel

508 3050 692 3117 judicis
711 3064 760 3101 et
778 3055 864 3103 ‘uel
877 3066 1164 3119 apparatur,
1185 3053 1323 3121 quod
1341 3053 1541 3125 quidam

523 3148 646 3182 serr.
672 3149 802 3197 quos
844 3134 971 3181 inter
1011 3132 1126 3185 eod.
1164 3135 1294 3197 Aug.
1329 3142 1378 3181 et
1419 3132 1541 3183 Ald.

519 3221 633 3275 post
649 3212 951 3259 constituitur
966 3220 1175 3274 ponunt,
1196 3212 1396 3260 omittit.
1404 3212 1540 3261 Nam

521 3290 768 3338 auditores
791 3290 873 3338 hic
891 3290 1228 3354 intelliguntur
1239 3290 1429 3351 judices
1446 3326 1462 3351 ,
1483 3304 1541 3347 ut

521 3369 637 3417 alibi
663 3384 811 3434 sepe.
832 3371 948 3418 Son.
965 3396 1036 3406 —
1054 3367 1294 3433 Eqnidem
1319 3368 1540 3419 credide-

520 3450 613 3498 rim
641 3448 950 3497 constituitur
971 3464 1072 3497 uon
1098 3448 1228 3497 idem
1265 3464 1367 3497 esse
1397 3449 1537 3515 quod

519 3539 804 3593 apparatur.
828 3527 1137 3578 constituimr
1157 3528 1344 3576 animus
1355 3562 1370 3587 ,
1381 3544 1535 3593 quum

518 3617 685 3655 orator
711 3606 952 3671 principio
983 3607 1161 3663 utitur,
1186 3616 1236 3655 et
1261 3605 1535 3657 auditorem

517 3684 680 3733 statim
709 3684 940 3735 idoneum
967 3685 1084 3733 facit
1115 3683 1177 3733 ad
1208 3684 1529 3749 audiendum3

515 3774 786 3831 apparatur
829 3776 1019 3825 autem,
1053 3763 1107 3812 id
1141 3774 1241 3823 est,
1278 3764 1531 3829 paullatim

514 3842 722 3892 idoneus
749 3842 969 3891 redditur
999 3842 1343 3891 insinuatione.
1380 3844 1532 3906 Quod

513 3932 672 3972 autem
697 3936 868 3987 parum
895 3922 1046 3973 latine
1074 3923 1258 3971 dictum
1271 3922 1526 3983 judicave-

515 4004 614 4049 rint
637 4001 778 4049 multi
799 3994 908 4050 DD.
931 4004 1042 4051 VV.
1065 4018 1165 4048 non
1192 4002 1336 4049 faciet
1359 4013 1415 4050 ut
1439 4002 1523 4049 de-

511 4084 706 4133 lendum
735 4098 967 4135 censeam.
992 4082 1123 4131 Vide
1152 4084 1298 4144 infra,
1327 4098 1432 4147 cap.
1461 4084 1488 4131 8
1508 4117 1523 4143 ‚

1637 1806 1661 1830 ι
1681 1785 1885 1849 alicujus
1902 1785 2230 1857 apparationis
2253 1803 2395 1840 eausa
2415 1808 2461 1846 ι,
2485 1788 2661 1838 eodem

1636 1881 1801 1922 seusu.

1705 1947 1760 1994 6.
1797 1945 1857 1992 Et
1882 1960 1978 2010 per
2018 1961 2166 2009 quam
2192 1943 2496 2011 exponimus.
2528 1945 2658 1997 eod.

1634 2023 1763 2073 Pith.
1786 2035 1837 2072 et
1851 2039 2035 2088 expon.
2046 2025 2285 2088 probante
2304 2025 2516 2074 Graevio.
2532 2025 2653 2074 Sca.

1708 2119 1761 2164 7.
1792 2103 1951 2150 Simas
1995 2102 2187 2152 dietari.
2226 2103 2395 2152 Actun·
2437 2105 2659 2168 reposuit

1634 2180 1856 2230 Graevius
1872 2198 1901 2233 e
1915 2183 2059 2242 MSS,
2084 2193 2135 2230 et
2155 2182 2378 2247 placebat
2401 2182 2533 2230 idem
2553 2184 2656 2230 Gu-

1631 2257 1833 2310 lielmio.
1871 2260 2130 2324 vulgatum
2151 2271 2308 2308 tamen
2333 2277 2434 2310 non
2458 2260 2655 2309 videtur

1632 2337 1862 2388 deterius.
1882 2338 2059 2387 Aecum·
2072 2337 2252 2389 habeut
2273 2339 2354 2390 ed.
2377 2338 2493 2389 cod.
2510 2339 2650 2390 Cort.

1632 2416 1708 2467 ed.
1733 2426 1885 2478 1474.
1908 2420 2039 2467 Rau.

1705 2496 1754 2545 8.
1809 2497 1925 2544 Cum
1988 2495 2353 2547 asseveratione.
2420 2497 2649 2548 Oudeud.

1629 2574 1937 2623 commendat
1956 2573 2224 2623 assertione
2242 2591 2269 2623 e
2289 2574 2483 2625 duobus
2501 2578 2651 2627 codd.

1628 2652 1716 2701 sed
1736 2668 1923 2715 vereor,
1947 2668 2009 2701 ne
2032 2664 2293 2718 utrumque
2318 2656 2383 2703 sit
2407 2656 2470 2705 ab
2497 2658 2648 2705 inter-

1628 2730 1849 2795 polatore
1888 2731 2182 2797 profectum.
2232 2734 2445 2783 Assertio
2497 2752 2647 2802 quum

1626 2804 1749 2859 nihil
1773 2810 1908 2859 aliud
1936 2812 1999 2861 sit
2024 2826 2169 2876 quam
2195 2812 2466 2881 affirmatio
2481 2848 2500 2877 ,
2525 2816 2647 2880 quid

1626 2890 1838 2956 ineptius
1879 2906 2025 2955 quam
2067 2890 2121 2939 id
2164 2892 2219 2941 in
2257 2893 2645 2960 confirmationis

1628 2966 1911 3019 definitione
1936 2970 2181 3037 adjicere?
2210 2968 2334 3022 Sca.
2357 2999 2427 3011 —
2448 2974 2645 3038 Exponi

1626 3061 1831 3115 possunt
1854 3062 2133 3117 argumenta
2164 3067 2277 3111 eum
2302 3052 2606 3111 dubitatione
2622 3088 2641 3113 ,

1626 3138 1710 3177 ant
1752 3130 1897 3179 etlam
1939 3131 2303 3193 confutatioueg
2346 3148 2450 3181 non
2488 3133 2641 3182 modo

1626 3224 1739 3257 cum
1760 3210 2123 3259 asseveratione.

1696 3303 1747 3351 9.
1771 3287 2074 3355 Artg'fiet‘osm
2111 3287 2343 3337 terminus
2382 3290 2639 3339 orationis.

1624 3368 1743 3427 Pau.
1784 3378 1881 3417 tres
1920 3370 2132 3432 priores,
2170 3384 2233 3417 ex
2269 3368 2408 3417 Italia
2451 3369 2513 3416 ad
2548 3386 2639 3419 nos

1621 3446 1788 3511 delati,
1812 3438 2049 3508 adjieiunt
2078 3448 2223 3497 totius
2247 3446 2499 3503 orationis.
2514 3452 2637 3513 Quae

1622 3526 1775 3576 dictio
1812 3527 1969 3575 otiosa
2008 3526 2161 3574 videri
2186 3542 2287 3575 non
2309 3536 2472 3590 posset
2488 3564 2503 3589 ,
2543 3528 2637 3577 nisi

1620 3605 1806 3655 abesset
1822 3606 2024 3661 totidem
2042 3604 2160 3656 Pall.
2174 3605 2228 3653 iu
2240 3605 2493 3653 Germania
2508 3607 2635 3656 sorte

1620 3684 1905 3750 descriptis:
1932 3700 2141 3749 quorum
2168 3694 2365 3749 quartus
2390 3684 2533 3749 plane
2560 3699 2635 3737 est

1618 3764 1855 3829 scriptura
1869 3764 2083 3827 antiqua,
2096 3776 2151 3813 ut
2171 3774 2221 3811 et
2238 3765 2500 3829 sextusqui
2523 3767 2633 3814 ulti-

1617 3859 1724 3891 mus
1741 3844 2073 3907 praescriptum
2090 3841 2236 3890 habet
2257 3858 2431 3891 nomen
2449 3846 2481 3893 J
2484 3845 2633 3893 ohan·

1614 3926 1689 3971 nis
1715 3922 1940 3980 Palatini,
1974 3922 2124 3971 Ducis
2150 3924 2361 3975 Bavariae
2390 3940 2446 3972 ae
2472 3924 2624 3973 Sime-

1613 4002 1795 4063 remis,
1841 4002 1927 4066 qui
1974 4002 2065 4049 suit
2110 4014 2247 4067 pater
2294 4003 2531 4052 mederici
2578 4006 2627 4052 11

1612 4080 1861 4132 Electoria.
1893 4082 2062 4131 Gau-r.
