2982 4682
444 436 457 451 ⁸
1209 356 1579 440 TOPICA‚
1625 378 1690 451 7.
2259 338 2271 345 “
2377 350 2516 449 529

388 476 477 547 ad
545 476 955 573 quempiam
1021 476 1351 574 pervenit
1365 506 1419 545 22.
1493 472 1842 547 Nondum
1917 474 2285 547 definitio²
2357 491 2465 549 est
2497 503 2513 543 ε

388 586 632 657 multis
670 588 865 657 enim
902 584 1134 657 modis
1172 588 1327 657 sine
1364 584 1764 658 hereditate
1801 590 2033 655 teneri
2065 602 2518 659 mortuorum

389 697 713 792 pecuniae
746 710 1075 792 possunt.
1115 698 1360 769 Unum
1395 696 1579 767 adde
1605 694 1910 769 verbum
1932 751 1952 782 ‚
1986 726 2020 761 «
2037 696 2198 791 jure
2213 728 2267 766 22.
2297 704 2450 769 Jam
2479 723 2522 767 a

384 808 907 878 communitate
949 832 1065 879 res
1098 807 1457 902 disjuncta
1490 789 1874 892 videbitur,
1915 820 1998 877 ut
2041 806 2130 877 sit
2167 808 2519 903 explicata

384 913 711 985 definitio
748 920 850 987 sic
882 943 897 985 :
942 945 977 981 c<
1002 917 1377 989 Hereditas
1415 930 1524 986 est
1560 915 1893 1013 pecunia,
1919 942 2084 1012 quae
2117 931 2352 987 morte
2392 919 2522 989 ali-

385 1026 595 1120 cujus
640 1025 731 1095 ad
778 1028 1195 1125 quempiam
1240 1020 1692 1124 pervenerit³
1739 1027 1904 1121 jure
1927 1057 1979 1097 22.
2021 1026 2366 1097 Nondum
2413 1044 2524 1099 est

384 1138 597 1205 satis:
635 1134 854 1224 adde,
899 1166 932 1201 ιι
955 1160 1091 1208 nec
1130 1162 1211 1208 ea
1248 1152 1375 1207 aut
1412 1136 1644 1233 legata
1685 1148 2155 1221 testamento,
2192 1152 2316 1207 aut
2356 1162 2523 1235 pos-

386 1246 701 1317 sessione
729 1262 1005 1319 retenta
1021 1274 1093 1316 22:
1127 1246 1541 1318 confectum
1573 1261 1702 1316 est.
1725 1250 2296 1342 -Itemquemt
2317 1246 2521 1333 illud,

326 1372 333 1379 '
382 1382 417 1417 <<
439 1356 761 1428 Gentiles
796 1362 1141 1456 sunt‚qui
1162 1360 1351 1429 inter
1382 1382 1457 1427 se
1476 1355 1740 1427 ‘eodem
1766 1359 2063 1427 nomine
2091 1372 2326 1427 sunt».
2353 1361 2525 1430 Non

387 1479 496 1535 est
522 1470 710 1538 satis.
739 1469 927 1557 «Qui
943 1468 1035 1537 ab
1063 1470 1387 1565 ingenuis
1418 1466 1712 1565 oriundi
1743 1482 1978 1537 sunt».
2005 1470 2114 1537 Ne
2133 1465 2204 1537 id
2225 1467 2521 1571 quidem

384 1581 549 1648 satis
570 1592 699 1647 est.
716 1608 749 1641 <c
764 1582 1093 1669 Quorum
1114 1579 1469 1673 majorum
1490 1578 1706 1647 nemo
1732 1577 2146 1649 servitutem
2167 1578 2515 1647 servivit».

376 1685 608 1757 Abest
648 1691 863 1758 etiam
906 1713 1103 1759 nunc
1136 1716 1151 1759 ε
1188 1718 1223 1753 «
1248 1688 1390 1775 Qui
1424 1688 1659 1782 capite
1699 1710 1847 1755 non
1891 1699 2060 1757 sunt
2095 1684 2523 1773 deminuti»,

384 1798 538 1864 Hoc
584 1792 881 1867 fortasse
928 1798 1095 1868 satis
1146 1811 1273 1868 est.
1329 1794 1526 1865 Nihil
1581 1794 1773 1863 enim
1831 1792 2042 1865 video
2097 1797 2518 1883 Scaevolam,

384 1900 838 2003 pontifioem‚
866 1905 956 1976 ad
978 1906 1165 1978 hanc
1178 1904 1680 1999 definitionem
1704 1903 2080 1975 addidisse.
2101 1910 2340 2002 Atque
2367 1908 2520 1981 haec

382 2016 567 2085 ratio
615 2015 803 2085 valet
844 2019 921 2085 in
968 2031 1282 2113 utroque
1329 2038 1592 2111 genere
1627 2012 2172 2102 definitionum,
2207 2018 2354 2089 sive
2403 2018 2516 2107 id,

388 2123 589 2221 quod
629 2140 770 2210 est,
806 2125 953 2195 sive
981 2123 1096 2212 id,
1136 2124 1334 2222 quod
1373 2124 1815 2221 intelligitur,
1851 2122 2344 2197 definiendum
2387 2145 2515 2201 est.

480 2238 636 2305 VII.
672 2234 859 2331 (vu.)
906 2236 1377 2306 Partitionum
1418 2249 1662 2305 autem
1703 2249 1774 2306 et
1814 2233 2252 2306 divisionum
2287 2262 2516 2335 genus
2613 2302 2618 2315 .

384 2347 597 2442 quale
643 2361 859 2430 esset,
887 2345 1374 2432 ostendimus3
1416 2345 1544 2418 sed
1578 2343 1754 2442 quid
1793 2348 1984 2416 inter
2019 2369 2094 2416 se
2133 2341 2514 2436 differant,

340 2457 666 2556 ·planius
715 2455 1097 2528 dicendum
1151 2471 1281 2528 est.
1353 2459 1437 2525 In
1494 2456 1884 2553 partitione
1930 2455 2136 2552 quasi
2189 2454 2516 2527 membra

386 2583 557 2639 sunt
608 2595 623 2637 ε
688 2583 769 2639 ut
812 2568 1173 2665 corpori5‚
1230 2581 1483 2663 eaput,
1543 2564 2206 2657 humeri‚'manuS‚
2257 2562 2510 2653 latera,

384 2701 623 2765 crura,
668 2679 926 2775 pede8‚
982 2691 1055 2748 et
1090 2692 1326 2748 cetera
1351 2687 1401 2745 ¹.
1446 2680 1536 2762 In
1578 2675 1928 2746 divisione
1953 2729 1972 2762 ,
2015 2672 2263 2744 formoe
2305 2688 2512 2763 sunt,

384 2809 569 2880 quas
621 2785 847 2856 Graeci
892 2779 1111 2867 θέας’
1161 2795 1453 2870 vocant3
1515 2781 1780 2866 nostri,
1834 2779 1892 2848 si
1941 2779 2068 2874 qui
2119 2776 2270 2847 haec
2325 2776 2512 2850 forte

458 2990 507 3024 α.
534 2973 762 3021 Nondum
788 2973 1005 3040 definitio
1030 2986 1113 3024 ese.
1135 2977 1252 3023 Em.
1278 2973 1400 3023 Lau.
1490 2972 1686 3020 inruens
1705 2973 1839 3018 Deus
1856 2969 2246 3034 emmanitatis,
2265 2970 2330 3018 td
2347 2986 2512 3020 earum

384 3050 579 3101 Sebiitz.
606 3050 863 3099 «noudum
892 3062 966 3099 est
990 3050 1265 3102 definitio».
1490 3050 1831 3098 similitudines
1850 3065 2046 3096 manum
2065 3049 2218 3097 veluti
2243 3051 2296 3098 iu
2317 3048 2504 3116 fingen-

458 3133 509 3178 3.
538 3129 809 3179 Per-venerit
823 3129 957 3193 jure.
994 3131 1113 3179 Lau.
1144 3133 1259 3182 Em.
1290 3131 1403 3180 Sch.
1494 3127 1570 3175 dis
1591 3127 1734 3175 rebus
1753 3127 2003 3190 dirigeret,
2035 3127 2255 3192 nihilque
2275 3131 2368 3178 uisi
2392 3146 2508 3193 per-

384 3189 655 3276 «pei-venii
667 3208 775 3268 jure
793 3229 838 3255 a.
1493 3206 1674 3256 fectum
1696 3205 1887 3254 faceret.
1913 3205 2071 3254 Dictae
2099 3207 2262 3270 itaque
2281 3209 2511 3257 videntur

454 3293 567 3338 vll.
599 3305 643 3338 ι.
679 3289 745 3336 Ec
779 3299 957 3338 cetera.
990 3287 1193 3338 Lenem.
1218 3289 1302 3337 dat
1328 3306 1405 3338 co-
1494 3279 1646 3338 εἰὸἰαι
1661 3305 1688 3336 ι
1708 3289 1858 3338 verbo
1883 3284 2050 3348 ewam,
2070 3291 2206 3356 quod
2228 3301 2300 3339 est
2325 3290 2510 3360 εἶσορᾷν

384 3381 517 3426 tera,
547 3369 731 3417 omisso
763 3379 827 3416 ec.
1489 3379 1540 3416 et
1568 3369 1776 3428 intueri,
1801 3370 2044 3433 quoniam
2061 3389 2139 3419 eas
2167 3374 2298 3420 Deus
2327 3370 2510 3421 faciens

456 3465 508 3496 α.
538 3451 673 3514 Quas
703 3447 865 3496 Groeci
891 3441 1023 3504 ἰθέως
1049 3458 1253 3496 vocant.
1284 3449 1401 3495 For·
1488 3448 1640 3511 quid,
1680 3439 1870 3512 semper
1911 3451 2144 3499 intuetur.
2186 3453 2296 3514 Qua
2341 3451 2508 3500 eadem

386 3539 507 3578 tasse
549 3529 741 3591 scripsit
777 3527 978 3587 Cicero,
1022 3525 1231 3575 scribere
1270 3538 1401 3576 certe
1486 3529 1677 3575 ratione
1708 3528 1889 3591 species
1921 3545 1948 3577 a
1981 3531 2161 3578 Latinis
2201 3541 2317 3578 sunt
2342 3532 2510 3596 appel-

384 3609 557 3656 debuit
590 3600 714 3658 εἴδη.
746 3607 860 3655 Scu.
896 3631 965 3643 -
992 3607 1281 3666 Govennus,
1309 3607 1397 3670 qui
1480 3606 1612 3665 heae,
1630 3622 1657 3653 a
1676 3606 1828 3656 verbo
1843 3607 2038 3672 spec-ire,
2057 3610 2190 3673 quod
2211 3609 2374 3658 videre
2401 3621 2506 3660 est:

382 3686 573 3751 legebat
610 3680 796 3750 εἰδέας,
838 3687 909 3734 εἷο
946 3686 1159 3752 explieat
1194 3705 1207 3732 z
1252 3685 1394 3736 Plato
1482 3686 1679 3748 vimque
1699 3703 1866 3750 graecae
1889 3687 2122 3735 dictionis
2141 3688 2312 3735 melius
2327 3690 2510 3752 species

386 3769 611 3832 princeps
652 3765 785 3813 ideas
825 3765 1019 3814 induxit
1039 3799 1055 3822 ‚
1084 3778 1287 3830 easque,
1322 3767 1396 3814 uti
1482 3780 1628 3828 quam
1630 3762 1828 3828 sonna,
1855 3767 2112 3830 exprimit:
2131 3783 2420 3832 quamquam
2433 3771 2505 3820 Μ.

384 3845 555 3894 scribit
572 3843 873 3904 M.Tullius,
900 3844 1180 3893 mirabiliter
1200 3855 1273 3897 est
1294 3861 1397 3894 am·
1486 3850 1678 3899 Tullius
1695 3851 1868 3902 eodem
1887 3853 2083 3900 nomine
2100 3853 2230 3900 idem
2249 3852 2510 3916 significari

384 3925 623 3989 plenius.
651 3922 789 3970 Iden
814 3933 975 3971 autem
1009 3924 1237 3983 vocabat,
1269 3941 1401 3990 qnae·
1487 3941 1658 3996 putet,
1697 3933 1929 3997 malitque
1966 3933 2170 3980 formam
2214 3949 2360 3997 quam
2400 3953 2510 4001 epe-

386 4004 499 4052 ‹hm
516 4000 669 4050 veluti
689 4000 966 4060 simulacra,
984 4002 1305 4068 exemplaria,
1325 4015 1403 4070 ty·
1488 4010 1613 4058 ei·-
1647 4009 1832 4067 dicere,
1867 4021 2070 4076 propter
2108 4010 2335 4061 duritiem
2375 4030 2506 4078 qna·-

386 4099 503 4148 μοι,
520 4079 751 4146 imagines
772 4095 929 4128 rerum
958 4091 1258 4135 oeterni-um:
1283 4101 1403 4150 qun·
1490 4087 1709 4140 rumdam
1731 4105 1955 4140 usuum:
1977 4099 2150 4138 teretes
2166 4091 2294 4139 enim
2314 4103 2363 4142 et
2379 4097 2502 4144 mol-

531 4172 586 4237 Ῑ.
644 4180 1044 4252 σι’σψαηρήηια.
2133 4175 2222 4264 34
