2982 4682
820 377 943 444 DE
991 369 1598 480 mvEN‘rloer,
1647 376 1912 444 LIBER
1962 379 2026 462 1,
2083 374 2196 446 28.
2439 352 2578 450 3'33
2651 327 2657 332 ’

443 523 577 596 gus
614 495 833 568 calori
854 550 875 583 ‚
907 498 1065 566 vitae
1099 519 1313 566 mors.
1343 497 1803 592 Disparatum
1835 510 2076 566 autem
2109 512 2218 569 est
2247 499 2354 588 id,
2377 504 2578 598 quod
2624 515 2634 524 “
2663 547 2666 550 ·

444 607 537 680 ab
569 606 827 704 aliqua
858 629 937 677 re
988 629 1121 703 per
1156 606 1692 702 oppositionem
1746 608 2148 702 negationis
2183 627 2582 709 separatur,

446 719 585 790 hoc
602 716 824 788 modo
848 719 1228 814 :«Sap·ere‚
1258 730 1330 785 et
1361 739 1514 786 non
1543 739 1790 813 sapere
1811 709 1915 785 ⁸».
1941 720 2192 788 Genus
2217 733 2356 808 est,
2375 722 2578 818 quod

444 843 683 928 partes
714 827 991 923 aliquas
1016 824 1500 922 amplectitur,
1519 840 1599 895 ut
1631 824 2005 932 cupiditas.
2041 832 2206 899 Pars
2239 843 2346 900 est
2367 886 2386 918 ‚
2416 856 2578 928 quae

443 938 691 1010 subest
728 938 1007 1034 generi,
1046 951 1129 1006 ut
1166 959 1393 1022 amor,
1427 937 1738 1006 avaritia.
1781 941 2098 1008 Eventus
2131 953 2238 1010 est
2273 940 2576 1036 alicujus

442 1053 675 1120 exitus
711 1047 1023 1144 negotii,
1056 1048 1131 1116 in
1158 1071 1309 1143 quo
1338 1047 1564 1144 quaeri
1591 1047 1808 1135 solet,
1844 1047 2022 1143 quid
2055 1073 2142 1118 ex
2173 1073 2464 1148 quaque
2494 1075 2576 1122 re

444 1160 796 1247 evenerit,
835 1159 1157 1244 eveniat,
1196 1173 1626 1229 eventurum
1665 1159 1754 1230 sit
1769 1169 1824 1227 ⁹.
1877 1161 2120 1249 Quare
2165 1158 2310 1232 hoc
2345 1163 2418 1232 in
2457 1187 2576 1259 ge-

441 1293 613 1340 nere
634 1323 654 1352 ‚
681 1283 763 1339 ut
789 1266 1240 1339 commodius
1262 1321 1281 1354 ,
1300 1266 1474 1363 quid
1513 1283 1940 1340 eventurum
1965 1270 2056 1340 sit
2075 1323 2095 1357 ,
2129 1285 2296 1341 ante
2331 1273 2573 1342 animo

442 1377 677 1476 colligi
720 1381 981 1476 possit,
1018 1377 1196 1474 quid
1225 1401 1522 1475 quaque
1554 1403 1644 1449 ex
1681 1403 1757 1449 re
1785 1377 2014 1450 soleat
2039 1384 2365 1466 evenire,
2403 1407 2573 1455 con-

440 1488 897 1561 siderandum
952 1503 1099 1577 est,
1144 1487 1288 1559 hoc
1332 1487 1604 1560 modo:
1641 1493 1796 1560 «Ex
1845 1490 2250 1588 arrogantia
2289 1492 2574 1578 odium,

440 1623 531 1670 ex
565 1600 946 1671 insolentia
982 1601 1387 1695 arrogantia
1410 1609 1473 1644 ¹⁰
1493 1628 1548 1668 n.
1863 1661 1868 1668 .

538 1711 809 1799 Quarta
846 1724 1085 1780 autem
1124 1732 1291 1806 pars
1320 1723 1429 1779 est
1462 1733 1551 1778 ex
1583 1709 1710 1794 iis,
1745 1733 1924 1804 quas
1951 1711 2298 1805 negotiis¹
2311 1721 2332 1753 ¹
2373 1711 2570 1783 dice-

436 1816 695 1889 bamus
723 1843 878 1890 esse
913 1817 1291 1889 attributas
1315 1872 1335 1905 ‚
1382 1819 1823 1890 consecutio.
1855 1821 1940 1889 ln
1967 1819 2101 1891 hac
2127 1844 2226 1891 eae
2249 1844 2366 1892 res
2392 1847 2576 1919 quae-

436 1943 721 2016 rantur,
763 1953 925 2026 quae
968 1944 1249 2025 gestum
1294 1927 1668 2025 negotium
1711 1943 2263 2024 consequuntur
2292 1932 2572 2028 1²:pri-

440 2063 676 2128 mum,
724 2037 923 2137 quod
981 2037 1249 2110 factum
1310 2053 1458 2125 est,
1529 2061 1679 2134 quo
1737 2036 1809 2107 id
1871 2042 2166 2110 nomine
2230 2041 2574 2137 appellari

436 2151 857 2238 conveniat3
881 2147 1181 2235 deinde,
1217 2149 1371 2244 ejus
1405 2145 1576 2218 facti
1613 2149 1740 2244 qui
1769 2149 1913 2218 sint
1950 2150 2312 2247 principes
2347 2165 2422 2222 et
2457 2153 2569 2222 in-

434 2275 808 2348 ventores,
840 2262 965 2361 qui
1005 2259 1323 2358 denique
1350 2260 1796 2331 auctoritatis
1831 2260 1988 2356 ejus
2021 2273 2090 2330 et
2130 2260 2570 2334 inventionis

433 2369 1030 2468 comprobatores
1054 2384 1275 2466 atque
1298 2370 1577 2458 aemuli3
1605 2367 1868 2443 deinde
1889 2424 1908 2458 ‚
1925 2395 2182 2468 ecquae
2209 2396 2291 2443 ea
2328 2372 2419 2443 de
2454 2398 2570 2461 re,

1537 2601 1740 2649 omnib.
1777 2612 1827 2649 et
1875 2600 1989 2650 eod.
2033 2599 2174 2649 Leid.
2222 2616 2271 2650 t.
2318 2601 2526 2665 Vulgata
2545 2636 2564 2667 ,

1537 2681 1724 2743 inquit,
1761 2680 1995 2728 hactenus
2040 2678 2238 2728 defendi
2285 2690 2480 2744 potent,
2519 2682 2562 2729 ei

1537 2774 1651 2807 cnm
1675 2757 1907 2808 Ondend.
1929 2757 2272 2818 conjiciamus,
2296 2768 2408 2823 poet
2421 2774 2488 2807 ex
2505 2758 2564 2808 iis

502 2602 555 2651 8.
570 2604 773 2666 Sapere,
787 2612 835 2649 ee
852 2618 951 2649 non
972 2616 1157 2668 sapere.
1168 2598 1449 2659 Schiitzius,

432 2700 457 2724 e
476 2696 641 2747 sapere
653 2717 667 2742 ‚
684 2697 786 2730 non
798 2698 966 2746 apere
980 2702 1005 2723 ι»
1018 2718 1033 2741 ,
1046 2696 1073 2728 e
1086 2682 1230 2729 Vos».
1257 2681 1451 2742 1‚1.eid.

435 2762 728 2827 3,Victorin.
746 2775 803 2813 ut
820 2764 995 2828 copula
1012 2764 1297 2827 languente3
1317 2762 1453 2827 qnod

430 2844 662 2893 Oudend.
691 2844 997 2909 probaverat.

504 2936 557 2988 9.
587 2924 885 2971 Eventurum
912 2922 979 2971 sit
1006 2921 1120 2972 dedi
1154 2938 1247 2988 pro
1266 2936 1454 2969 «even-

435 3010 693 3065 torumque
729 3002 861 3061 sit23
888 3001 1026 3065 quod
1060 3002 1163 3050 sine
1189 3000 1343 3050 dubio
1378 2999 1454 3045 vi-

432 3081 609 3129 tiosum
629 3092 715 3129 est.
738 3080 981 3129 Inclinavi
1000 3081 1055 3127 in
1072 3091 1453 3128 ceventurumve

432 3160 526 3206 eit·
542 3172 555 3207 :
573 3158 659 3207 sed
674 3162 787 3223 quia
813 3159 927 3207 libri
946 3158 1115 3223 scripti
1132 3168 1179 3207 et
1201 3158 1310 3206 edd.
1332 3168 1450 3206 vett.

430 3238 574 3302 plne
598 3238 763 3287 delent
786 3254 883 3303 que
897 3272 913 3296 ,
928 3238 990 3285 iio
1011 3236 1229 3287 obedivi.
1260 3238 1453 3285 Primus

432 3316 569 3365 dedit
592 3316 765 3367 Aldus.
800 3320 931 3366 Eun.
956 3342 1017 3353 —-·
1042 3314 1281 3380 Copulam
1302 3316 1449 3362 omit-

430 3406 541 3443 tunt
562 3395 827 3445 codNoss.
848 3411 895 3447 c.
917 3394 1081 3444 Schol.
1102 3410 1145 3441 a.
1166 3410 1231 3441 m.
1250 3395 1449 3457 p.Vou.

437 3490 483 3533 1,
501 3475 635 3523 Leid.
658 3492 686 3522 2
700 3510 717 3534 ‚
736 3477 764 3523 3
784 3508 801 3535 ,
828 3475 905 3523 ed.
930 3474 1133 3523 Omnib.
1160 3472 1275 3522 sen.
1414 3466 1426 3471 “

506 3568 585 3602 ιο.
610 3557 695 3602 Ex
728 3553 1025 3619 arrogantia
1051 3551 1219 3601 odium
1234 3584 1250 3611 ,
1279 3567 1345 3599 ea:
1370 3551 1451 3598 in-

426 3632 639 3683 solemia
660 3632 966 3698 arrogantia.
992 3630 1191 3683 Schiitz.
1212 3632 1279 3679 ita
1300 3642 1452 3679 mne·

428 3715 599 3778 poeuit
611 3750 628 3775 ,
651 3729 747 3762 nex
770 3712 1029 3762 insolentia
1066 3711 1337 3775 arroganti·
1350 3744 1369 3770 ‚
1390 3725 1451 3759 ex

429 3794 700 3857 arrogantia
724 3792 895 3842 odium
913 3814 957 3854 ι,
984 3803 1041 3841 ut
1064 3790 1151 3840 fiat
1168 3784 1345 3859 κλίμαξ
1361 3805 1449 3837 ve-

428 3874 633 3921 nmtior.

504 3968 527 3997 x
540 3966 586 4000 1.
619 3954 753 4016 Quas
790 3950 993 4016 negotiis
1031 3948 1313 3999 dicebamus
1348 3963 1451 3996 esse

426 4030 699 4079 attribuens.
729 4028 1017 4089 Souania,
1056 4046 1203 4093 -quae
1238 4028 1450 4093 negotiis

427 4108 707 4157 dicebamus
744 4124 845 4157 esse
886 4108 1113 4157 attributa
1130 4128 1153 4151 ι
1169 4144 1185 4168 ,
1227 4123 1288 4155 ex
1322 4107 1443 4155 edit.

1537 2837 1768 2887 omissum
1791 2850 1898 2884 ease
1913 2836 2076 2884 rebus.
2115 2876 2124 2889 ,

1615 2932 1694 2964 12.
1725 2918 1847 2981 Qua·
1876 2924 2072 2979 gestum
2109 2912 2357 2979 negotium
2391 2931 2560 2964 conse-

1538 3006 1774 3060 quuntur.
1791 2994 1868 3042 Ne
1887 2994 1997 3058 quiz
2013 2993 2138 3040 forte
2157 3004 2298 3056 putet
2310 3029 2324 3053 ,
2342 2994 2447 3043 hee
2458 2996 2562 3057 jam

1537 3090 1682 3139 supr·
1703 3073 1859 3138 prima
1881 3084 2020 3137 parte
2037 3071 2284 3121 contineri
2298 3105 2313 3133 ,
2331 3073 2418 3121 ubi
2428 3076 2529 3136 jam
2545 3110 2561 3135 ‚

1536 3176 1562 3196 a
1585 3152 1708 3218 quid
1751 3164 1864 3217 poet
1905 3152 2157 3216 negotium
2201 3152 2386 3202 factum
2431 3157 2494 3203 eit
2508 3176 2530 3199 ι
2545 3191 2562 3215 ,

1537 3230 1852 3298 quarendum
1872 3248 1978 3281 eno
1995 3242 2168 3281 auctor
2189 3231 2452 3297 docuemt3
2473 3250 2562 3283 uo-

1537 3312 1740 3361 tandum
1759 3324 1836 3361 est
1853 3313 1942 3361 ino
1957 3312 2072 3360 loco
2094 3311 2156 3359 de
2177 3312 2254 3361 hie
2272 3312 2434 3377 rebus,
2449 3330 2562 3378 quae

1537 3404 1698 3443 ensem
1723 3404 1946 3457 tempore
1969 3408 2082 3441 cnm
2099 3392 2208 3456 ipso
2225 3394 2425 3457 negotio
2441 3408 2562 3441 con·

1531 3473 1716 3534 juncte
1732 3508 1748 3532 ,
1786 3474 1894 3537 agir,
1921 3472 2002 3520 hic
2039 3482 2200 3520 nutem
2245 3471 2308 3520 de
2336 3472 2427 3532 iis,
2449 3486 2560 3536 qun

1537 3564 1648 3598 cum
1673 3562 1810 3615 gesto
1848 3552 2076 3615 negotio.
2099 3550 2204 3598 sine
2245 3562 2469 3613 mpectn
2496 3550 2560 3599 nd

1535 3638 1752 3694 tempos,
1773 3632 1876 3694 ipae
1903 3646 2064 3679 rerum
2085 3641 2257 3678 notura
2291 3631 2558 3689 conjuncta

1537 3725 1640 3758 eone
1657 3708 1846 3758 soleant
1859 3745 1874 3769 ‚
1889 3708 2140 3773 disputari.
2162 3706 2394 3756 Similiter
2405 3708 2564 3768 Quin·

1535 3788 1611 3837 til.
1650 3789 1808 3837 Imtit.
1832 3791 1968 3836 Orat.
1994 3791 2060 3846 V,
2083 3795 2116 3844 4
2131 3820 2146 3847 ,
2180 3785 2526 3850 consequentia
2545 3820 2561 3843 ,

1537 3864 1772 3917 ἀκόλουθα
1786 3902 1802 3928 ,
1823 3885 1853 3915 a
1873 3865 2212 3931 sequentibus,
2233 3864 2561 3934 ἐπαγομένοις,

1535 3963 1646 4011 qun
1672 3958 1838 4012 posteo
1867 3947 1992 3994 facta
2017 3944 2144 4003 sint,
2169 3954 2255 3993 aut
2273 3944 2456 4002 future,
2479 3943 2558 3993 di-

1536 4028 1808 4085 stinxit;et
1833 4026 1964 4073 hunc
1991 4033 2214 4074 nostrum
2237 4023 2402 4073 locum
2428 4035 2557 4073 recte

1537 4104 1777 4171 explicuit
1807 4103 2109 4151 Victorinus.
2139 4104 2253 4152 Sca.
