2982 4682
493 396 631 469 320
1176 392 1278 459 Μ.
1324 392 1402 459 Τ.
1454 392 1954 462 CICERONIS

494 518 759 593 'debeat
799 512 1073 587 habere
1114 528 1574 611 occupatum.
1610 512 1858 585 Altera
1873 527 2036 601 ‘est,
2079 514 2160 587 in
2203 540 2348 614 qua
2389 539 2636 593 rerum

490 652 777 717 earum,
817 626 909 698 de
946 621 1214 721 quibus
1260 626 1534 695 erimus
1579 616 1880 711 dicturi,
1927 623 2243 699 breviter
2283 634 2639 727 expositio

492 742 793 839 ponitur
830 732 1262 807 distributa:
1290 760 1377 806 ex
1412 760 1558 833 qua
1591 732 1998 822 conficitur,
2029 751 2112 807 ut
2139 739 2368 811 certas
2395 746 2637 815 animo

488 874 609 923 res
640 861 885 921 teneat
930 845 1242 931 auditor,
1287 845 1560 943 quibus
1603 845 1812 917 dictis
1853 847 2240 944 intelligat,
2275 850 2432 922 fore
2469 876 2636 949 per-

488 975 799 1033 oratum.
828 962 1039 1031 Nunc
1074 971 1390 1053 utroque
1424 982 1691 1054 genere
1731 959 2138 1055 partitionis
2165 962 2640 1058 quemadmo-

486 1073 665 1145 dum
699 1070 1087 1142 conveniat
1118 1070 1221 1139 uti
1242 1122 1260 1157 ‚
1306 1066 1624 1139 breviter
1652 1067 2044 1140 dicendum
2069 1071 2378 1143 videtur.

586 1188 767 1274 Quae
806 1183 1137 1279 partiti0‚
1182 1177 1359 1275 quid
1401 1180 1820 1267 conveniat,
1863 1195 1988 1252 aut
2035 1180 2214 1278 quid
2260 1208 2410 1254 non
2461 1206 2636 1255 con-

490 1297 767 1381 veniat,
812 1290 1169 1379 ostendit3
1229 1290 1381 1361 haec
1440 1289 1662 1361 debet
1720 1290 1940 1379 illud,
1995 1291 2198 1388 quod
2259 1298 2636 1383 convenit,

489 1404 837 1475 inclinare
908 1400 995 1471 ad
1064 1424 1210 1471 suae
1274 1424 1506 1473 causae
1569 1402 2078 1491 commodum,
2146 1403 2287 1475 hoc
2345 1404 2568 1477 modo
2613 1432 2632 1475 τ

492 1546 527 1583 α
554 1511 1013 1585 Interfeetam
1056 1525 1362 1584 matrem
1402 1536 1558 1585 esse
1599 1538 1642 1583 a
1675 1512 1864 1602 filio,
1895 1517 2234 1587 convenit
2259 1517 2437 1587 mihi
2465 1541 2635 1587 cum

495 1624 987 1697 adversariis».
1029 1627 1211 1693 Item
1254 1638 1513 1695 contra
1547 1649 1562 1691 :
1617 1653 1654 1688 ι(
1689 1623 2160 1697 Interfectum
2207 1650 2361 1697 esse
2395 1652 2436 1697 a
2473 1626 2637 1723 Cly-

492 1748 899 1808 taemnestra
927 1736 1582 1829 Agamemnonem,
1614 1738 1959 1805 convenit
1985 1764 2038 1804 n.
2073 1739 2254 1807 Nam
2293 1734 2414 1807 hic
2443 1751 2638 1807 uter-

494 1870 641 1945 que
682 1858 751 1915 et
802 1842 877 1913 id
924 1844 1200 1941 posuit,
1250 1842 1451 1939 quod
1507 1843 2024 1932 conveniebat,
2077 1860 2150 1915 et
2203 1858 2446 1916 tamen
2487 1868 2636 1915 suae

494 1980 722 2032 causae
751 1953 1139 2026 commodo
1166 1954 1556 2025 consuluit.
1581 1955 1897 2043 Deinde,
1919 1956 2098 2052 quid
2127 1960 2635 2053 controversias

495 2072 619 2157 sit,
654 2065 1083 2165 ponendum
1120 2080 1228 2137 est
1264 2066 1341 2134 in
1376 2066 1845 2159 judicationis
1883 2069 2334 2164 expositione
2357 2081 2384 2113 ²
2415 2094 2432 2137 ε
2471 2094 2634 2165 quae

494 2175 1117 2279 quemadmodum
1155 2176 1630 2263 inveniretur,
1670 2193 1836 2248 ante
1877 2177 2150 2249 dictum
2191 2194 2316 2250 est.

590 2292 771 2380 Quae
798 2303 1039 2360 autem
1069 2288 1362 2385 partitio
1392 2309 1639 2359 rerum
1671 2287 2128 2361 distributam
2159 2289 2485 2362 continet
2507 2315 2633 2362 ex-

496 2403 933 2502 positionem
960 2395 1015 2486 3,
1063 2397 1214 2469 haec
1254 2397 1526 2469 habere
1576 2397 1794 2470 debet
1846 2398 2308 2488 brevitatem,
2343 2399 2634 2472 absolu-

492 2516 811 2596 tionem,
846 2509 1306 2607 paucitatem.
1348 2511 1668 2580 Brevitas
1705 2525 1850 2599 est,
1899 2535 2169 2607 quum,
2207 2514 2344 2581 nisi
2381 2535 2636 2583 neces-

490 2625 797 2707 sarium,
850 2619 1137 2689 nullum
1194 2620 1586 2690 assumitur
1631 2619 1956 2691 verbum.
2011 2625 2173 2692 Haec
2209 2624 2289 2690 in
2333 2621 2475 2690 hoc
2515 2645 2637 2717 ge-

496 2755 671 2805 nere
713 2729 979 2803 idcirco
1022 2729 1217 2799 utilis
1256 2742 1397 2814 est,
1445 2729 1646 2826 quod
1694 2728 1916 2802 rebus
1948 2731 2159 2828 ipsis,
2195 2745 2269 2801 et
2305 2728 2635 2828 partibus

496 2869 760 2931 causae,
792 2867 942 2913 non
980 2841 1259 2929 verbis,
1300 2863 1544 2939 neque
1591 2847 1946 2914 extraneis
1991 2843 2434 2914 ornamentis
2477 2842 2633 2911 ani-

496 2977 661 3024 mus
698 2952 1045 3024 auditoris
1081 2951 1438 3023 tenendus
1476 2968 1606 3024 est.
1650 2953 2028 3025 Absolutio
2061 2965 2200 3039 est,
2239 2977 2370 3050 per
2411 2973 2634 3047 qnam

500 3065 779 3146 omnia,
834 3087 993 3159 quae
1041 3061 1377 3133 incidunt
1415 3067 1493 3132 in
1537 3087 1860 3150 causam,
1897 3087 2193 3160 genera,
2239 3061 2328 3131 de
2363 3058 2637 3157 quibus

498 3171 887 3244 dicendum
926 3183 1075 3258 est,
1124 3173 1631 3270 amplectimur
1654 3177 1708 3242 4.
1759 3177 1843 3244 In
1893 3197 2036 3270 qua
2091 3173 2481 3270 partitione
2529 3171 2636 3238 vi-

573 3361 602 3392 2
612 3381 623 3392 .
647 3335 984 3405 Deinde,quid
993 3340 1330 3388 controversia.-
1345 3341 1425 3397 sie,
1435 3355 1526 3403 po·
1615 3341 1746 3392 Cass.
1756 3343 1853 3390 Gn.
1869 3359 1890 3390 1
1901 3377 1915 3402 ‚
1932 3341 2230 3390 distributam
2244 3342 2520 3390 exhibeant.
2534 3345 2636 3391 Gu-

503 3421 712 3474 nendum
728 3433 801 3468 ese
813 3420 863 3467 in
872 3418 1193 3484 judicationis
1206 3420 1525 3484 expositione.
1617 3435 1647 3467 α
1674 3421 1820 3468 habet
1856 3421 2247 3480 distributurum,
2274 3423 2358 3469 sed
2383 3437 2410 3468 a
2439 3437 2507 3468 m.
2535 3439 2637 3473 see.

500 3501 817 3558 Ponendum,
838 3497 892 3546 id
921 3509 1021 3558 est,
1050 3499 1413 3563 exponendum.
1450 3501 1527 3548 De

496 3581 801 3647 judicatione
818 3577 941 3642 quid
965 3579 1029 3626 sit
1049 3587 1097 3624 et
1114 3579 1365 3642 quomodo
1386 3579 1526 3626 inve·

502 3665 665 3712 niatnr
679 3676 805 3722 resp.
825 3675 868 3706 e.
893 3659 953 3704 13
976 3669 1023 3705 et
1050 3666 1132 3714 ιζ.

575 3744 627 3791 3.
652 3741 829 3790 Rerum
856 3737 1161 3785 distributam
1184 3736 1399 3784 continet
1436 3753 1526 3784 ex·

495 3821 806 3888 positionem.
848 3817 929 3864 Sic
968 3815 1082 3864 edd.
1130 3813 1243 3862 inde
1284 3815 1345 3863 ab
1370 3815 1522 3865 Aldo.

500 3903 692 3951 Priores
722 3897 903 3946 habent
947 3895 1334 3952 distributurum,
1386 3895 1525 3960 quod

504 3981 725 4030 Graeviua
744 3995 771 4025 e
792 3977 883 4025 MS
912 3991 1012 4023 uno
1032 3975 1131 4022 Erf.
1164 3974 1373 4037 recepit,
1402 3989 1523 4038 pro·

500 4059 683 4122 batque
719 4053 949 4103 Oudend.
986 4055 1127 4114 eujus
1153 4051 1274 4101 MSS
1304 4051 1523 4102 eamdem

502 4136 761 4184 lectionem
788 4131 1005 4194 habent3
1028 4145 1179 4195 quum
1214 4131 1322 4190 alii,
1358 4132 1411 4180 in
1444 4131 1522 4180 his

1615 3501 1722 3563 Ego
1747 3501 1996 3565 vulgatum
2024 3504 2224 3550 servavi.
2257 3501 2480 3549 Graevius
2497 3518 2638 3564 quae-

1615 3580 1676 3624 rit
1689 3581 1806 3642 quid
1825 3583 1886 3627 sit
1900 3581 2136 3645 expositio
2161 3579 2450 3627 dism‘buta?
2463 3581 2638 3629 Serum

1615 3667 1716 3705 erat
1737 3657 1792 3705 id
1813 3660 1865 3708 h.
1889 3659 1922 3706 l.
1951 3675 2186 3722 qua-rere,
2211 3675 2312 3706 non
2352 3675 2498 3724 snpra
2539 3661 2638 3708 hoc

1613 3737 1724 3800 ipso
1767 3738 1953 3801 capite,
1979 3737 2066 3785 ubi
2103 3747 2206 3786 est:
2231 3753 2433 3785 «earnm
2473 3755 2640 3786 rerum

1615 3816 1830 3864 breviter
1845 3819 2089 3880 expositio
2107 3817 2308 3882 ponitur
2325 3817 2584 3866 distributa
2595 3839 2638 3866 ¹·-

1613 3899 1699 3944 Est
1726 3907 1886 3944 autem
1914 3896 2157 3959 expositio
2182 3911 2338 3944 eansae
2359 3913 2450 3961 per
2469 3895 2638 3945 distri-

1613 3973 1867 4022 butionem
1897 3973 2042 4023 sacta.
2072 3975 2204 4024 Ean.
2227 4001 2296 4012 —
2314 3977 2408 4024 Cui
2429 3973 2637 4025 Schiitz.

1610 4054 1889 4102 assentitur.

1683 4142 1733 4190 4.
1764 4132 2125 4221 Αηιρζσσεὺηειν.
2167 4135 2227 4182 In
2247 4149 2348 4198 qua
2367 4132 2641 4197 particione
