2982 4682
1342 282 1390 311 k

511 386 653 484 49ss
1181 386 1279 453 M.
1330 384 1410 453 T.
1464 382 1950 453 clenaoms

514 511 831 583 curiores
874 506 1039 578 fieri
1073 508 1421 578 oratione.
1474 508 1688 577 Nunc
1737 505 1826 577 ad
1874 504 2408 578 deliberationis
2454 531 2638 605 pra·-

513 634 721 719 cepta
764 637 1171 717 pergamus.
1495 703 1504 715 .

600 733 750 801 L11.
784 728 989 825 (un.)
1023 732 1291 799 Rerum
1326 722 1896 822 expetendarum
1933 728 2068 796 tria
2101 738 2406 823 genera¹
2437 742 2638 816 sunt3

508 864 641 936 par
682 853 921 909 autem
969 858 1313 907 numerus
1358 833 1812 905 vitandarum
1859 858 1950 906 ex
1997 839 2358 910 contraria
2409 854 2632 937 parte.

503 952 685 1021 Nam
721 962 831 1018 est
872 945 1217 1044 quiddam
1242 999 1262 1034 ,
1302 944 1506 1041 quod
1545 968 1674 1015 sua
1709 946 1782 1015 vi
1823 968 1960 1015 nos
1997 944 2262 1017 allicit²
2301 948 2390 1021 ad
2445 972 2635 1034 sese,

506 1080 655 1129 non
684 1056 1181 1128 emolumento
1218 1070 1514 1153 captans
1552 1054 1832 1151 aliqu0,
1869 1052 1996 1127 sed
2037 1054 2330 1129 trahens
2374 1082 2499 1129 sua
2533 1058 2638 1129 di-

507 1169 779 1264 gnitate
801 1194 817 1236 :
837 1164 1041 1263 quod
1065 1190 1293 1264 genus
1327 1165 1590 1249 virtus,
1618 1166 1942 1253 scientia,
1972 1167 2235 1237 veritas
2265 1181 2393 1240 est.
2425 1168 2636 1239 Aliud

504 1293 743 1348 autem
775 1301 925 1347 non
955 1290 1256 1373 propter
1290 1296 1491 1344 suam
1521 1275 1668 1345 vim
1707 1288 1780 1345 et
1809 1288 2161 1361 naturam,
2191 1275 2318 1346 sed
2343 1292 2631 1374 propter

506 1386 856 1474 fructum,
897 1400 1115 1482 atque
1150 1382 1575 1469 utilitatem,
1630 1376 2074 1481 petendum-⁹·
2107 1410 2123 1454 τ
2169 1384 2370 1481 quod
2407 1410 2626 1483 genus

500 1498 805 1594 pecunia
826 1494 859 1551 4
897 1509 1026 1566 est.
1068 1498 1189 1565 Est
1227 1516 1453 1591 porro
1495 1492 1842 1591 quiddam
1881 1518 1970 1567 ex
2007 1494 2274 1567 horu'm
2313 1494 2642 1594 partibus

496 1608 875 1703 junctum,
910 1601 1109 1702 quod
1166 1618 1239 1675 et
1280 1628 1407 1675 sua
1452 1605 1564 1687 vi,
1607 1618 1681 1675 et
1723 1604 2074 1701 dignitate
2133 1632 2268 1679 nos
2310 1604 2642 1680 illectos⁵

504 1714 731 1801 ducit,
762 1728 833 1785 et
865 1738 1011 1812 prae
1042 1736 1119 1784 se
1151 1713 1546 1810 quamdam
1574 1718 1757 1810 gerit
1791 1715 2212 1804 utilitatem,
2239 1742 2392 1816 quo
2425 1722 2644 1815 magis

506 1838 907 1922 expetatur,
936 1838 1017 1895 ut
1044 1826 1385 1913 amicitia,
1424 1822 1621 1895 bona
1653 1826 2108 1897 existimatio.
2143 1831 2382 1924 Atque
2421 1852 2510 1899 ex
2538 1829 2648 1900 his

504 1935 771 2005 horum
800 1936 1155 2005 contraria
1174 1932 1404 2021 facile,
1428 1932 1836 2007 tacentibus
1863 1933 2100 2025 nobis,
2127 1937 2644 2035 intelligentur.

506 2043 648 2116 Sed
685 2059 765 2115 ut
810 2044 1218 2143 expeditius
1259 2044 1447 2114 ratio
1486 2042 1831 2133 tradatur,
1877 2068 1997 2131 ea,
2035 2066 2196 2142 quae
2231 2048 2606 2144 posuimus
2627 2100 2652 2135 ,

504 2154 707 2227 brevi
738 2154 1334 2225 nominabuntur.
1365 2156 1552 2225 Nam
1578 2153 1650 2222 in
1689 2154 1925 2251 primo
1955 2176 2220 2251 genere
2252 2178 2419 2252 quae
2443 2170 2654 2239 sunt,

505 2264 807 2336 honesta
843 2262 1423 2364 appellabuntur.
1450 2265 1632 2354 Quae
1661 2278 1902 2334 autem
1934 2266 2012 2334 in
2039 2263 2404 2354 secundo,
2429 2266 2652 2337 utilia.

506 2380 674 2447 Haeo
706 2391 943 2447 autem
984 2375 1192 2446 tertia
1215 2428 1233 2461 ,
1264 2373 1434 2470 quia
1472 2389 1756 2472 partem
1797 2373 2194 2446 honestatis
2229 2377 2652 2464 continent,

510 2501 591 2556 etr
617 2487 788 2583 quia
817 2485 1049 2581 major
1080 2495 1193 2556 'est
1226 2484 1329 2553 vis
1366 2483 1802 2572 honestatis,
1849 2484 2099 2579 juncta
2147 2503 2300 2558 esse
2348 2489 2654 2558 omnino

510 2619 599 2666 ex
634 2593 901 2692 duplici
939 2615 1203 2692 genere
1242 2594 1778 2690 intelligentam
1815 2595 1943 2668 sed
1981 2599 2060 2666 in
2093 2595 2471 2668 meliorem
2503 2617 2658 2695 par-

514 2721 657 2776 tem
718 2705 1050 2776 vocabuli
1101 2702 1596 2790 conferantur,
1641 2719 1713 2776 et
1752 2703 2058 2776 honesta
2107 2703 2648 2778 nominentur-⁶.

513 2818 615 2886 Ex
641 2815 755 2887 his
785 2813 965 2887 illud
990 2814 1399 2901 conficitur,
1434 2829 1519 2885 ut
1545 2813 2112 2912 appetendarum
2141 2839 2382 2887 rerum
2415 2831 2656 2914 ραι-τω

583 3017 689 3063 LII.
718 3031 763 3063 x.
792 3014 905 3062 Tria
936 3029 1125 3079 genera
1162 3026 1292 3065 sum.
1320 3017 1536 3064 Herenn.

512 3096 613 3150 111,
646 3109 706 3170 ²⁸3
733 3091 1021 3154 Quintilian.
1052 3095 1157 3155 111,
1187 3095 1249 3152 63
1285 3093 1537 3143 Aristotel.

516 3173 665 3224 Rhet.
684 3175 741 3230 1,
771 3171 823 3219 6.

590 3269 639 3306 a.
662 3249 843 3300 Allicit.
866 3250 1191 3300 India-tivum
1216 3252 1538 3313 conjunctivo
1571 3271 1574 3276 ·

517 3333 707 3382 alliciat
730 3341 862 3378 recte
896 3331 1112 3394 pretulit
1134 3332 1345 3379 Ernesti.
1371 3332 1430 3378 In
1455 3346 1533 3379 ea·

516 3413 626 3460 dem
652 3411 995 3459 consecutione
1014 3411 1180 3478 paullo
1204 3421 1320 3476 poet
1337 3425 1536 3474 qnoque

514 3490 807 3539 indicativus
827 3487 1045 3554 ponitur.
1070 3483 1188 3538 Scn.

590 3571 638 3619 3.
666 3569 942 3618 Fatendum.
982 3567 1177 3618 Schiitz.
1201 3565 1287 3618 det
1309 3577 1541 3633 expeten-

518 3647 634 3699 dum
660 3665 771 3698 cum
796 3649 1047 3698 lambino.

592 3739 643 3787 4.
668 3729 815 3793 Quod
824 3745 979 3794 genus
996 3727 1211 3791 pecunia
1232 3738 1318 3775 est.
1346 3729 1402 3773 In
1428 3726 1539 3788 qui-

518 3808 721 3858 busdam
748 3807 896 3856 codd.
918 3807 1162 3857 omittitur
1185 3821 1365 3871 genus.
1392 3819 1541 3868 quam

518 3888 826 3938 omissionem
853 3887 1050 3935 minime
1074 3885 1279 3934 debebat
1304 3883 1536 3932 Oudend.

520 3967 730 4031 probare
765 3979 781 4014 t
822 3965 991 4030 «quod
1033 3981 1185 4030 genus
1208 3985 1258 4022 n,
1286 3975 1342 4010 ut
1375 3978 1536 4025 saepe,

518 4041 589 4093 e‘st
613 4047 699 4091 uin
724 4059 851 4106 qno,
876 4059 936 4092 ex
964 4059 1065 4107 qno
1097 4056 1270 4107 genere
1289 4063 1333 4089 n.
1366 4041 1481 4088 Son.

592 4125 639 4171 5.
662 4121 853 4170 [Hector
875 4123 1023 4170 ducit.
1054 4123 1135 4170 sie
1160 4121 1275 4171 cod.
1302 4117 1438 4167 Iaeid.
1474 4119 1504 4166 3
1520 4156 1538 4184 ,

1624 3031 1740 3064 vere
1763 3027 1814 3065 ct
1837 3017 2096 3081 eleganter.
2113 3017 2282 3084 Vulgo
2305 3019 2472 3083 inepte
2494 3034 2509 3067 :
2529 3019 2656 3068 «ln-

1626 3095 1802 3145 ductoe
1827 3095 1964 3145 ducit
1979 3118 2021 3146 ιι.
2043 3097 2161 3146 Sca.
2181 3125 2252 3136 —
2269 3097 2535 3146 Wetzelinn
2551 3097 2656 3146 vul-

1629 3185 1788 3240 gatam
1826 3177 1953 3224 male
1992 3186 2177 3226 tuetur.
2213 3176 2439 3238 Scilicet,
2463 3177 2656 3244 inquit,

1625 3269 1720 3304 noe
1743 3251 1942 3306 induxit
1965 3267 2080 3304 ente
2094 3292 2108 3317 ,
2133 3272 2268 3308 nuno
2285 3257 2438 3308 duait.

1693 3337 1745 3384 6.
1763 3337 1886 3384 Hac
1903 3347 2066 3383 autem
2085 3336 2228 3384 certia
2239 3369 2255 3386 .
2266 3369 2306 3384 ..
2319 3337 2655 3386 montiacum.

1624 3411 1883 3462 Schiitaiu·
1911 3413 2169 3463 lectionem
2197 3415 2420 3464 Lambini
2453 3430 2655 3464 revoce-

1625 3492 1734 3540 vit:
1765 3513 1788 3534 ‹-
1814 3493 1934 3540 Haec
1960 3503 2119 3541 autern
2143 3493 2314 3553 tertie,
2351 3491 2466 3558 qni·
2495 3503 2655 3558 parte·

1625 3569 1894 3620 honestau-
1911 3583 1964 3621 et
1982 3571 2210 3622 utilitati·
2235 3573 2519 3635 continent,
2545 3589 2654 3621 otn-

1629 3652 1748 3698 nino
1790 3653 1961 3712 juncta
2001 3667 2105 3701 esse
2151 3669 2212 3702 ex
2253 3651 2440 3717 duplici
2481 3666 2654 3717 genere

1629 3723 1990 3793 intelligentam
2031 3731 2117 3780 sed
2145 3731 2261 3797 quie
2287 3731 2448 3794 major
2469 3733 2546 3780 vie
2577 3742 2652 3780 eet

1627 3807 1923 3870 honestatis,
1945 3809 1998 3858 in
2021 3811 2271 3861 meliorem
2294 3823 2484 3877 partem
2503 3825 2650 3859 vocn-

1627 3885 1733 3935 buli
1755 3887 2088 3952 conserantur,
2109 3903 2160 3941 et
2175 3891 2380 3941 honesta
2399 3891 2654 3938 nominen-

1624 3977 1708 4015 ωι-
1727 3989 1771 4015 a.
1798 3971 1855 4015 In
1873 3967 2067 4033 vulgata
2081 4006 2095 4029 ,
2113 3969 2299 4035 lnquit,
2316 3969 2464 4018 verba
2499 3990 2522 4013 ι
2537 3969 2650 4032 quin

1626 4045 1780 4106 maior
1801 4047 1878 4094 vie
1904 4059 1975 4095 est
2011 4047 2282 4098 honestatis
2297 4069 2322 4092 ι
2352 4047 2478 4096 male
2501 4059 2652 4095 mue·

1625 4124 1786 4189 posita
1824 4141 1954 4190 ecee,
1993 4125 2134 4178 facilc
2170 4127 2484 4193 perspicitur.
2523 4127 2650 4177 Nun
