2982 4682
467 391 596 464 168
1131 391 1229 458 M.
1282 390 1358 456 T.
1412 388 1910 460 CICERONIS

457 517 594 614 ipsi
635 510 1142 611 praeceperint,
1186 534 1336 606 quo
1392 525 1605 607 pacto
1656 523 1992 607 oporteat
2028 533 2291 580 ornare
2338 509 2587 581 elocu-

459 628 777 710 tionem,
816 618 1390 716 uniuscujusque
1425 621 1709 715 generis
1743 617 1837 690 ab
1884 633 2169 690 oratore
2206 633 2333 690 aut
2376 635 2589 718 poeta

459 730 772 832 probato
811 743 1182 827 sumptum
1233 753 1508 826 ponere
1546 728 1983 827 exemplum.
2034 733 2123 800 Et
2158 734 2472 828 primum
2510 755 2589 800 se
2682 809 2687 814 ,

458 839 536 913 id
564 837 920 912 modestia
947 851 1354 910 commotos
1386 835 1619 910 faeere
1652 837 1907 910 dicunt
1924 891 1944 928 ‚
1974 854 2359 936 propterea
2386 837 2585 936 quod

460 950 794 1024 videatur
831 973 988 1022 esse
1023 951 1412 1020 ostentatio
1444 946 2032 1046 quaedam⁷,·non
2073 949 2241 1020 satis
2284 946 2545 1019 habere
2566 1001 2586 1034 ‚

461 1062 852 1164 praecipere
885 1059 976 1131 de
1009 1057 1354 1144 artificio,
1393 1060 1515 1130 sed
1546 1060 1741 1155 ipsos
1774 1059 1985 1130 etiam
2013 1058 2240 1129 videri
2263 1057 2445 1130 velle
2480 1083 2591 1128 ar-

465 1171 771 1246 tificiose
797 1173 1090 1270 gignere
1119 1169 1483 1267 exempla:
1502 1167 1645 1241 hoc
1672 1184 1777 1240 est
1796 1223 1817 1258 ‚
1834 1169 2208 1265 inquiunt,
2234 1182 2589 1239 ostentare

463 1307 572 1365 se,
609 1307 763 1354 non
807 1277 1187 1352 ostendere
1231 1293 1480 1348 artem.
1524 1281 1767 1368 Quare
1803 1277 2043 1376 pudor
2086 1279 2162 1348 in
2197 1277 2446 1373 primis
2482 1292 2593 1348 est

465 1391 558 1464 ad
587 1416 744 1463 eam
773 1411 926 1464 rem
964 1389 1484 1486 impedimento
1504 1441 1523 1474 ‚
1552 1411 1646 1458 ne
1676 1411 1808 1458 nos
1840 1387 2035 1459 solos
2069 1385 2383 1485 probare
2403 1441 2421 1473 ‚
2457 1411 2592 1456 nos

465 1527 741 1590 amare,
795 1500 969 1572 alios
1025 1513 1490 1570 contemnere
1535 1509 1607 1568 et
1651 1496 1981 1568 deridere
2024 1496 2419 1568 videamur.
2470 1500 2589 1566 Et-

463 1612 656 1683 enim
687 1633 914 1706 quum
937 1610 1294 1706 possimus
1313 1605 1404 1677 ab
1435 1607 1672 1678 Ennio
1704 1621 2109 1704 sumptum,
2144 1621 2271 1678 aut
2302 1631 2345 1677 a
2373 1602 2593 1677 Grae·

463 1717 607 1791 cho
652 1741 924 1817 ponere
960 1717 1372 1814 exemplum
1397 1769 1417 1803 ‚
1451 1715 1739 1788 videtur
1776 1741 1929 1788 esse
1968 1719 2369 1815 arrogantia
2384 1711 2440 1803 8,
2476 1715 2594 1786 ina

465 1828 913 1926 relinquere,
971 1842 1044 1898 et
1099 1826 1189 1897 ad
1251 1849 1376 1896 sua
1438 1826 1795 1897 devenire.
1856 1831 2206 1898 Praeterea
2266 1825 2595 1923 exempla

465 1939 1042 2010 testimoniorum
1075 1937 1310 2008 locum
1347 1933 1709 2007 obtinent.
1744 1936 1829 2008 Id
1858 1939 2079 2026 enim,
2110 1937 2310 2034 quod
2349 1935 2595 2006 admo-

471 2050 747 2135 nuerit,
795 2062 870 2120 et
909 2049 1162 2120 leviter
1198 2044 1448 2118 fecerit
1478 2047 1867 2144 praeceptio
1889 2057 1959 2134 9,
2004 2045 2379 2143 exemplo,
2412 2046 2599 2116 sicut

469 2159 918 2246 testimoni0‚
961 2156 1497 2255 comprobatur.
1534 2161 1697 2228 Non
1728 2159 1947 2252 igitur
1986 2155 2333 2228 ridiculus
2368 2158 2495 2242 sit,
2538 2156 2597 2226 si

471 2269 637 2366 quis
669 2271 745 2338 in
782 2268 938 2355 lite,
977 2282 1099 2338 aut
1124 2268 1199 2336 in
1221 2265 1533 2363 judici0‚
1558 2264 1967 2338 domesticis
2004 2268 2433 2339 testimoniis
2460 2291 2596 2365 pu-

471 2395 680 2477 gnet,
703 2393 778 2451 et
813 2380 924 2449 sui
958 2380 1182 2475 ipsius
1203 2375 1547 2448 abutatur
1578 2378 2031 2475 exemplow?
2054 2382 2155 2451 Ut
2181 2378 2375 2450 enim
2410 2376 2599 2448 testi·

547 2560 596 2606 7.
637 2542 911 2592 ostentatio
950 2542 1198 2606 quoedam.
1249 2540 1493 2604 Quaedam

472 2622 610 2671 abeat
637 2638 665 2671 a
699 2620 790 2670 MS
817 2620 953 2669 Cort.
987 2618 1226 2685 probante
1250 2618 1493 2667 Emeatio.

547 2781 597 2829 8.
647 2778 851 2828 Videtur
897 2795 1000 2828 esse
1047 2777 1350 2843 arrogantia.
1407 2777 1494 2824 Eat

477 2857 645 2909 endem
683 2874 793 2923 quae
829 2869 940 2907 ante
979 2858 1166 2906 forma:
1205 2856 1292 2905 aed
1332 2866 1491 2903 tamen

475 2938 768 3005 pretulerim
793 2938 1052 2987 lectionem
1077 2939 1170 2987 MS
1205 2938 1337 3001 Lipa.
1354 2950 1494 2984 arm-

475 3018 684 3084 gnatia,
729 3033 874 3083 quam
923 3028 971 3065 et
1017 3018 1072 3064 iu
1117 3015 1270 3065 tribue
1316 3015 1497 3079 reperit

477 3097 613 3145 Oud.
641 3107 689 3143 et
715 3096 936 3161 pluribus
955 3097 1118 3143 (ἴτων.
1141 3098 1246 3144 Nee
1272 3093 1499 3159 displicet

478 3175 694 3239 ejuadem
719 3174 832 3222 libri
866 3173 1014 3222 lectio
1045 3174 1211 3238 paullo
1233 3182 1346 3238 poet
1372 3186 1387 3221 :
1425 3184 1494 3221 ec-

474 3254 604 3303 em'm
626 3270 718 3317 pro
741 3251 796 3300 id
815 3252 960 3299 enim.
981 3254 1111 3301 Eu.

551 3348 602 3396 9.
619 3334 686 3379 Et
705 3330 1060 3397 leviter-secede
1072 3331 1352 3397 praeceptio.
1381 3330 1494 3379 Sch.

483 3432 510 3453 ι
527 3422 579 3461 et
601 3410 774 3459 leviter
799 3410 1082 3475 preceperit
1107 3427 1184 3458 are
1223 3420 1274 3457 et
1307 3410 1433 3458 ratio
1447 3430 1493 3457 ιι.

477 3491 560 3539 sto
581 3489 664 3540 ed.
692 3486 856 3537 lamb.
875 3488 1064 3553 iuquit‚
1097 3489 1266 3553 utique
1291 3487 1462 3536 melius
1477 3520 1495 3546 ,

479 3585 626 3634 quam
653 3568 790 3633 quod
813 3568 962 3633 vulgo
989 3569 1186 3633 legitur.

554 3664 631 3697 ιο.
653 3650 716 3696 In
729 3646 956 3713 judicio,
984 3644 1260 3695 dbmeste'cae's
1285 3644 1497 3693 testimo-

478 3725 572 3777 m'is
605 3736 819 3791 pugnet,
869 3736 923 3773 ee
959 3726 1042 3773 mi
1081 3724 1233 3789 ipsius
1269 3725 1501 3775 abutatur

475 3806 738 3869 cntempla?
758 3808 1000 3869 sequutus
1023 3820 1127 3853 eum
1159 3804 1497 3855 auctoritatem

476 3885 584 3935 Pal.
621 3884 768 3949 primi
793 3918 810 3944 ,
850 3883 931 3931 cui
953 3882 1278 3947 suffr-agantur
1303 3894 1352 3932 et
1387 3884 1493 3945 alii,

471 3964 566 4012 uini
591 3962 728 4033 quod
751 3962 786 4010 ii
801 3996 816 4021 ‚
844 3984 870 4003 ιι
893 3963 1172 4011 testimonio
1199 3962 1428 4013 abutatur
1445 3987 1486 4015 a.

1582 2543 1667 2587 nio
1692 2541 1973 2591 abutatur».
2009 2545 2079 2592 At
2105 2540 2248 2589 velim
2285 2540 2449 2591 doceri
2478 2540 2600 2605 quid

1582 2620 1646 2669 eit
1700 2620 1824 2669 illud
1881 2643 1907 2664 α
1922 2620 2163 2683 iudicium
2214 2619 2533 2669 domesticum
2554 2640 2599 2668 ¹·-

1582 2698 1951 2751 Gaur.—MSS
1976 2712 2025 2749 et
2049 2698 2166 2749 edd.
2188 2701 2351 2765 plui-ee
2368 2698 2603 2747 omittunt

1581 2790 1666 2827 -et
1686 2780 1762 2827 aui
1788 2780 1939 2845 ipsius
1958 2779 2187 2829 abutatur
2208 2778 2435 2843 exemplo
2448 2793 2497 2836 ης
2518 2776 2601 2825 alii

1580 2858 1693 2905 libri
1713 2892 1729 2917 ‚
1771 2869 1828 2905 ut
1886 2860 2017 2923 Lipa.
2070 2868 2229 2909 totum
2274 2858 2345 2907 aie
2384 2857 2563 2905 habent
2584 2868 2599 2905 τ

1586 2956 1607 2981 ι
1622 2936 1891 2987 domestico
1910 2949 2097 3003 pugnet
2110 2939 2189 2987 eui
2212 2939 2365 3003 ipeiua
2384 2936 2603 2986 testimo-

1583 3015 1669 3064 nio
1696 3028 1745 3065 et
1768 3016 1997 3065 abutatur
2014 3036 2037 3059 ι
2068 3032 2083 3067 z
2109 3018 2249 3082 quod
2274 3018 2415 3065 etiam
2448 3014 2602 3079 magia

1584 3095 1761 3161 placet.
1796 3098 1939 3147 Certe
1976 3096 2146 3145 ultima
2188 3106 2305 3144 eunt
2346 3094 2512 3161 apuria
2552 3104 2602 3141 et

1584 3174 1775 3225 aliena:
1817 3176 1979 3240 itaque
2001 3176 2139 3224 uncia
2163 3174 2363 3235 inclusi,
2402 3188 2599 3238 praeer-

1586 3253 1675 3301 tim
1700 3269 1849 3317 quum
1866 3255 2009 3302 etiam
2032 3254 2153 3302 illud
2176 3254 2407 3301 abutatur
2425 3252 2601 3302 durum

1585 3331 1651 3380 ait
1674 3333 1725 3379 iu
1749 3332 1947 3381 meliore
1973 3334 2197 3382 lectione.
2226 3334 2351 3382 Nam
2382 3332 2443 3379 de
2464 3333 2601 3379 teati-

1584 3414 1753 3461 mouio
1780 3422 1967 3462 tantum
1992 3429 2149 3462 senno
2177 3423 2275 3473 eat,
2310 3428 2413 3460 uon
2439 3426 2601 3458 exem-

1584 3490 1688 3555 plo.
1722 3494 1855 3542 Ean.
1874 3520 1946 3531 —
1970 3492 2084 3541 Seh.
2124 3516 2150 3535 e
2168 3490 2437 3541 domestico
2468 3489 2603 3537 teeti-

1584 3572 1753 3619 mouio
1779 3584 1967 3636 pugnet
1999 3583 2047 3622 et
2072 3572 2149 3620 sni
2186 3571 2341 3637 ipsius
2376 3566 2603 3632 exemplo

1584 3647 1812 3697 abutatur
1823 3672 1865 3697 a.
1883 3651 2043 3699 Verba
2057 3685 2071 3709 ‚
2098 3650 2288 3714 inquit,
2311 3659 2400 3696 «et
2419 3648 2520 3696 aui.
2540 3681 2554 3694 .
2578 3682 2591 3695 .

1584 3729 1811 3793 exemplo
1829 3751 1853 3771 ι·
1872 3763 1887 3788 ,
1916 3729 2147 3793 quoniam
2180 3730 2235 3777 iu
2268 3726 2604 3791 compluribus

1582 3810 1707 3857 MSS
1746 3808 1946 3870 abeunt,
1984 3810 2171 3856 Erueat.
2207 3807 2347 3854 uueis
2382 3804 2603 3854 inclusit.

1582 3886 1707 3950 Quia
1732 3897 1891 3933 tamen
1916 3886 1970 3934 iu
1992 3885 2223 3947 judiciis,
2250 3901 2353 3935 non
2382 3884 2603 3932 testimo-

1580 3966 1677 4015 uiia
1692 3965 1869 4028 solum,
1888 3967 1974 4015 aed
1992 3967 2228 4032 exempli·
2248 3982 2445 4031 quoque
2464 3964 2605 4011 loeus

473 4042 684 4090 Victorii
719 4040 873 4089 editio
895 4041 1112 4101 invexit,
1148 4042 1370 4103 «judicio
1400 4044 1489 4092 do·
1576 4055 1649 4093 eet
1676 4044 1737 4093 ad
1766 4061 1843 4093 ree
1868 4044 2169 4110 probandae,
2196 4062 2297 4095 nou
2325 4059 2469 4094 ausus
2494 4058 2602 4090 aum

471 4122 674 4171 utico
699 4131 884 4185 pugnet
913 4132 962 4169 et
998 4121 1072 4169 eui
1099 4121 1250 4185 ipsius
1271 4112 1485 4171 teetim'o-

1575 4124 1817 4185 omittere‚
1853 4125 2115 4175 lectionem
2152 4136 2309 4175 tamen
2334 4123 2399 4173 ad
2426 4120 2604 4171 melio·
