2982 4682
669 382 798 452 AD
846 381 1433 469 HERENMUM,
1477 383 1745 460 ιιΒΕΒ
1797 386 1935 470 ιη,
1974 411 2036 454 2.
2266 413 2399 483 ιν]

272 503 484 580 liceat
506 515 674 574 ante
701 518 990 602 tempus
1023 503 1401 582 consulem
1415 503 1582 577 fieri
1600 534 1656 574 ι).
1688 507 1947 580 Partim
1986 521 2059 578 et
2103 525 2402 606 propter

275 639 352 685 se
397 627 570 684 sunt
631 611 1153 698 deliberandae‚
1217 629 1290 686 et
1349 616 1571 711 magis
1638 629 1937 714 propter
1996 631 2403 690 extraneam

277 747 564 794 causam
605 725 906 795 veniunt
941 725 1016 794 in
1063 723 1671 798 consultationem
1712 751 1727 793 ε
1774 754 1808 788 α
1837 738 1920 794 ut
1959 725 2021 796 si
2056 724 2407 802 deliberet

279 847 612 922 senatus»,
653 831 850 910 bello
881 834 1170 922 ltalic04
1207 834 1416 906 sociis
1455 835 1815 906 civitatem
1857 833 2019 921 det,
2052 859 2149 908 an
2188 863 2409 916 nonu.

279 945 364 1016 In
419 940 686 1039 quibus
727 944 958 1017 causis
1013 945 1118 1014 rei
1175 957 1434 1022 natura
1489 941 1705 1020 faciet
1760 940 2353 1022 deliberationem
2388 1006 2408 1037 ‚

282 1051 516 1124 omnis
543 1047 820 1125 oratio⁶
857 1052 945 1127 ad
975 1054 1204 1150 ipsam
1235 1079 1390 1124 rem
1418 1052 2100 1132 accommodabitur,
2126 1063 2211 1128 In
2246 1063 2406 1155 qui·

283 1159 424 1233 bus
451 1175 788 1233 extranea
813 1187 1024 1234 causa
1041 1161 1378 1236 conficiet
1403 1160 1997 1236 deliberationem
2016 1219 2035 1250 ,
2074 1167 2148 1237 in
2172 1169 2285 1244 his
2330 1195 2411 1240 ea

286 1275 438 1370 ipsa
471 1296 686 1344 causa
715 1275 851 1344 erit
883 1272 1334 1372 adaugenda,
1370 1287 1497 1345 aut
1528 1273 2021 1371 deprimenda.
2050 1277 2221 1372 (ιη.)
2250 1283 2415 1350 Om—

288 1407 454 1454 nem
476 1385 880 1455 orationem
899 1397 926 1442 ⁷
951 1408 1208 1457 eorum
1232 1439 1254 1472 ‚
1281 1387 1410 1482 qui
1440 1385 1867 1460 sententiam
1902 1385 2176 1470 dicent,
2196 1389 2415 1463 finem

291 1491 432 1564 sibi
467 1497 852 1566 conveniet
871 1493 1196 1567 utilitatis
1227 1519 1639 1592 proponere
1662 1549 1682 1582 ‚
1715 1509 1797 1566 ut
1824 1497 2063 1568 omnis
2087 1521 2177 1568 eo
2202 1503 2421 1574 totius

289 1605 638 1676 orationis
683 1607 866 1677 ratio
915 1603 1352 1677 conferatur.
1406 1606 1690 1678 Utilitas
1726 1607 1801 1676 in
1845 1606 2025 1678 duas
2071 1625 2307 1706 partes
2345 1615 2415 1684 in

289 1714 476 1785 civili
527 1714 1062 1788 consultatione
1105 1715 1484 1802 dividitur,
1541 1713 1858 1805 tutam⁸,
1900 1729 1975 1788 et
2022 1716 2419 1794 honestam.

289 1827 468 1896 Tuta
511 1837 618 1896 est
635 1834 694 1912 9,
737 1849 895 1922 quae
951 1824 1248 1897 conficit
1301 1828 1639 1898 instantis
1665 1880 1684 1912 ‚
1734 1841 1859 1898 aut
1910 1837 2424 1925 consequentis

291 1934 594 2032 periculi
631 1935 1048 2007 vitationem
1085 1934 1407 2034 qualibet
1434 1936 1735 2018 ratione.
1756 1941 1939 2007 Haec
1964 1936 2421 2012 distribuitur

293 2045 366 2114 in
405 2045 551 2114 vim
597 2059 671 2116 et
713 2043 962 2116 dolum
1003 2073 1018 2115 ε
1067 2069 1384 2143 quorum
1446 2060 1573 2116 aut
1625 2045 1930 2116 alterum
1992 2051 2371 2144 separatim
2402 2107 2420 2136 ,

297 2169 420 2225 aut
467 2170 864 2252 utrumque
917 2179 1288 2227 sumemus
1328 2155 1771 2251 conjunctim
1796 2165 1880 2223 ¹⁰.
1929 2157 2053 2226 Vis
2094 2154 2423 2230 decet-'ni-

297 2277 415 2336 tur
437 2277 494 2308 ¹¹
533 2289 668 2364 per
696 2268 1086 2354 exercituS‚
1123 2265 1413 2347 classeS,
1455 2287 1651 2334 arma
1676 2318 1695 2352 ,
1735 2277 2093 2336 tormenta
2115 2321 2135 2355 ‚
2171 2292 2421 2340 evoca-

365 2472 418 2521 6.
446 2470 614 2525 Omnis
639 2472 798 2519 oracio
822 2471 896 2519 ad
915 2472 1072 2536 ipsam
1091 2488 1212 2521 mm.
1237 2471 1318 2520 Sic

299 2550 424 2599 HSS
452 2550 554 2597 duo
583 2550 717 2614 apud
751 2549 887 2600 Ond.
919 2567 1072 2616 porro
1105 2552 1246 2601 Cort.
1269 2560 1320 2598 et

293 2630 380 2678 alii
423 2630 559 2695 apud
597 2632 761 2679 Gru.
798 2629 979 2679 habent
995 2664 1010 2689 ‚
1046 2631 1162 2679 item
1199 2645 1320 2677 mox

299 2724 490 2757 omnen
515 2709 814 2763 orationem,
837 2720 894 2758 ut
920 2720 970 2757 et
995 2710 1074 2759 ed.
1093 2708 1251 2769 '¹⁴75’
1269 2721 1319 2757 et

301 2787 354 2836 id
389 2800 466 2837 est
504 2788 760 2836 sementia
795 2788 851 2836 h.
899 2788 934 2837 l.
975 2790 1138 2852 aptius
1173 2803 1320 2851 quam

301 2865 502 2916 rationis
534 2866 736 2915 verbum
752 2904 768 2929 ,
805 2878 864 2915 ut
899 2866 1140 2928 indicavit
1175 2868 1320 2917 etiam

295 2945 532 2995 Oudend.
557 2946 686 2995 Eu.

375 3042 424 3087 ⁷·
461 3026 664 3073 Omnem
701 3024 970 3073 orationem
1009 3038 1176 3071 eorum
1194 3059 1210 3085 ,
1235 3023 1324 3087 qni

299 3103 586 3151 mendam
614 3101 794 3152 dicem.
825 3103 1019 3167 Quibus
1044 3118 1138 3167 pro
1163 3102 1326 3151 verbis

303 3179 503 3231 Subita.
531 3180 670 3231 dedit
695 3204 720 3225 ιι
740 3197 912 3231 omnes
931 3183 1018 3247 qui
1036 3183 1324 3230 sentemiam

303 3260 470 3309 dicent
493 3282 542 3309 ι.
593 3260 676 3309 Sic
691 3296 708 3320 ,
755 3262 921 3325 inquit
937 3298 953 3322 ‚
1008 3271 1214 3325 propter
1253 3276 1326 3309 se-

305 3339 526 3403 quentia,
551 3348 646 3389 -ut
663 3340 824 3389 omnin
838 3355 900 3389 eo
921 3341 1072 3389 totins
1089 3339 1324 3387 orationis

305 3418 430 3467 ratio
483 3419 766 3467 conferatur
785 3440 811 3461 ι·
829 3453 846 3479 ,
897 3418 1167 3469 necessario
1233 3418 1324 3467 fuit

305 3498 632 3547 scn‘hendnm.
667 3499 772 3550 Erf.
811 3520 838 3541 κ
857 3514 1048 3547 omnem
1087 3512 1322 3545 memora-

305 3576 490 3626 tionem
515 3592 688 3625 eorum
711 3594 767 3641 q.
787 3594 829 3625 s.
851 3577 904 3626 d.
924 3598 948 3620 ³·
987 3578 1078 3625 MS
1119 3574 1252 3625 Pith.
1276 3586 1326 3624 et

305 3656 422 3705 edit.
445 3654 676 3707 Cratand.
710 3676 734 3699 ι
749 3672 919 3704 omnes
955 3656 1200 3705 orationes
1238 3670 1324 3703 eo-

305 3752 412 3785 tum
431 3758 487 3794 n,
509 3746 568 3784 nt
589 3734 734 3783 facile
753 3734 1148 3799 depravationem
1173 3748 1328 3797 agno·

305 3830 422 3863 scas.
452 3841 526 3851 —
553 3813 655 3878 Qui
675 3812 964 3863 sententiam
1001 3812 1181 3861 dicent.
1221 3814 1329 3861 Hoc

307 3904 398 3951 est,
421 3895 508 3957 qui
537 3893 590 3941 in
616 3892 858 3951 coneilio,
875 3902 960 3942 aut
977 3893 1034 3939 iu
1061 3892 1300 3939 concione
1315 3928 1331 3954 ,

307 3970 586 4036 loquentur.
613 3970 734 4020 Noli
759 3983 922 4036 antem
956 3987 1067 4019 cum
1089 3971 1330 4021 Wetzelio

311 4050 646 4115 interpretari:
679 4072 704 4092 κ
717 4050 976 4099 conveniet
1000 4066 1194 4099 omnem
1225 4066 1330 4097 ora·

311 4130 494 4191 tionem
523 4144 802 4194 proponere
825 4127 918 4177 sibi
946 4126 1092 4179 finem
1111 4129 1332 4179 utilitatis

1403 2485 1599 2531 eorum,
1624 2470 1711 2534 qui
1738 2470 2023 2520 sententiam
2056 2472 2260 2523 dicent·-
2280 2508 2297 2533 ,
2329 2477 2425 2525 hoc

1403 2560 1503 2609 est,
1526 2558 1582 2597 ut
1607 2558 1779 2613 putat,
1806 2550 2079 2599 concionis.

1479 2631 1529 2677 8.
1560 2630 1751 2678 naeam.
1776 2627 1973 2680 Schiitz.
2003 2647 2103 2679 rem
2138 2642 2311 2681 tueam-
2344 2636 2426 2683 Sic

1405 2708 1765 2756 emendavimus
1783 2742 1799 2767 ,
1850 2709 2037 2772 inquit,
2088 2710 2219 2775 vulg.
2270 2724 2426 2763 tutam

1405 2788 1631 2850 apposite
1656 2787 1721 2835 ad
1750 2786 1897 2847 hujus
1926 2787 2027 2835 loci
2051 2804 2247 2837 nusum
2276 2804 2325 2839 et
2359 2810 2429 2840 se·

1406 2866 1601 2928 quentis
1652 2865 1888 2913 orationis
1944 2876 2253 2918 contextum.
2304 2872 2431 2918 Nam

1406 2953 1575 3009 postea
1610 2943 1793 2993 dicitur
1826 2943 2032 2992 lionam
2070 2960 2146 2992 res
2186 2947 2239 2993 in
2275 2948 2431 2997 altero

1409 3021 1663 3071 divisionis
1686 3022 1922 3071 membro.
1944 3022 2009 3071 Et
2032 3022 2183 3081 infra,
2215 3040 2326 3090 cap.
2358 3026 2389 3078 5
2414 3062 2429 3085 ,

1411 3102 1629 3151 occurrit
1653 3102 1781 3170 alqui
1804 3111 1921 3151 tuta
1946 3102 2019 3151 rei
2052 3116 2314 3169 proponet
2340 3106 2429 3155 ho-

1411 3191 1597 3229 nestam
1614 3200 1655 3229 υ.

1483 3276 1540 3322 9.
1562 3260 1685 3307 Dua
1708 3268 1799 3307 sse.
1815 3258 1927 3307 Nisi
1943 3258 2161 3311 Sehiiuti
2170 3262 2431 3313 lectionem

1411 3338 1678 3403 receperis,
1730 3337 1971 3403 inteiligas
2018 3350 2219 3403 oportet
2268 3364 2293 3385 ιι
2327 3354 2429 3393 tuta

1411 3417 1638 3465 utilitas·-
1655 3452 1671 3477 ,
1709 3417 1789 3465 vel
1825 3428 1969 3467 «tuta
2007 3434 2121 3483 pars
2148 3420 2377 3472 utilitatis
2396 3446 2421 3467 .-

1411 3512 1525 3561 quae
1562 3496 1749 3545 utilitas
1774 3508 1865 3547 ant
1894 3514 1947 3561 ρ.
1978 3508 2047 3545 ue.
2078 3510 2247 3563 postea
2270 3501 2435 3551 distri-

1411 3574 1583 3624 buitur
1621 3575 1679 3623 in
1720 3576 1827 3624 vim
1870 3587 1920 3624 et
1958 3576 2143 3627 dolum.
2194 3582 2261 3628 Ea
2302 3594 2433 3632 certe

1409 3670 1583 3718 patum
1618 3664 1745 3718 apta.

1489 3748 1568 3782 ιο.
1614 3731 1934 3799 Gonjemctt'm.
1996 3734 2123 3783 Mss
2175 3736 2337 3797 plures
2386 3753 2438 3789 et

1415 3810 1532 3860 edd.
1580 3823 1697 3860 vett.
1749 3810 1971 3877 quadam
2024 3812 2301 3878 conjuncte.
2354 3820 2435 3867 Sic

1415 3891 1533 3939 Ald.
1559 3892 1659 3940 Erf.
1686 3890 1871 3941 Cauch-
1892 3892 2009 3939 Seu.

1494 3986 1574 4017 11.
1626 3969 1712 4017 Vis
1758 3968 2047 4017 decernitur.
2098 3968 2179 4017 Sic
2228 3972 2347 4019 Pan.
2388 3986 2435 4021 et

1417 4050 1568 4097 Brun.
1608 4048 1781 4097 Maluit
1824 4046 2084 4095 Lambinus
2108 4048 2393 4097 discet-niem
2417 4072 2436 4100 .-

1419 4144 1565 4193 quam
1598 4128 1745 4187 bene,
1784 4128 1887 4191 ipse
1911 4124 2106 4177 viderit.
2146 4128 2311 4195 Vulgo
2338 4144 2443 4193 erat
