2982 4682
694 329 795 399 m
842 325 1169 396 LIBROS
1217 325 1347 392 AD
1396 325 1477 392 C.
1524 323 2103 394 HERENMUM.
2383 345 2463 393 xi

334 474 455 532 tur
480 485 501 528 t
530 459 1043 532 «Contrarium
1068 473 1213 546 est,
1251 456 1453 556 quod
1480 481 1572 530 ex
1603 455 1826 528 rebus
1857 457 2156 529 diversis
2183 455 2468 530 duabus

336 583 630 678 alteram
672 581 995 655 breviter
1028 596 1105 653 et
1150 579 1357 654 facile
1394 579 1862 668 confirmat»,
1897 580 2126 679 idque
2165 583 2244 653 in
2281 579 2466 680 figu-

334 709 435 778 ris
478 721 921 780 numeratur.
962 711 1349 804 Propterea
1390 705 1686 776 Mattius
1735 703 2068 802 negabat
2089 729 2132 776 a
2181 707 2468 795 Quinti·

334 829 526 901 liano
560 828 651 901 de
682 831 1129 928 argumentis
1159 830 1508 928 loquente
1541 825 1802 900 factam
1840 830 2468 901 commemoratio·

335 975 505 1022 nem
562 949 929 1024 Cornificii
981 951 1127 1023 huc
1186 930 1568 1049 pertinere.
1639 951 1898 1048 Neque
1951 975 2123 1022 vero
2176 951 2333 1049 ipse
2395 951 2470 1022 id

334 1071 687 1146 affirmare
718 1076 971 1164 ausim,
991 1078 1387 1173 praesertim
1411 1097 1644 1171 quum
1670 1073 1790 1146 ille
1807 1056 2233 1164 Quintiliani
2265 1074 2470 1147 locus

334 1196 665 1269 nondum
700 1199 873 1272 satis
913 1198 1293 1298 expeditus
1335 1221 1489 1271 esse
1531 1197 1876 1270 videatur.

428 1320 783 1414 «Quintil.
829 1325 969 1410 lx,
1013 1349 1093 1410 2,
1137 1347 1281 1420 27.
1320 1319 1804 1394 «Cornificius
1853 1319 2214 1394 licentiam
2257 1337 2470 1394 vocat

334 1451 751 1542 παῤῥησιαν».
812 1449 895 1516 A.
938 1444 1030 1519 ad
1079 1452 1397 1519 Herenn.
1452 1449 1591 1535 IV,
1655 1445 1814 1518 36:
1873 1475 1910 1514 u
1953 1447 2272 1519 Licentia
2319 1461 2464 1534 est,

334 1593 567 1664 quum
602 1568 797 1668 apud
836 1593 962 1640 eos
980 1624 1002 1657 ,
1036 1592 1225 1667 quos
1262 1585 1387 1641 aut
1428 1570 1658 1642 vereri
1703 1583 1832 1641 aut
1875 1582 2200 1642 metuere
2239 1567 2465 1641 debe-

334 1717 536 1780 mus,
567 1707 811 1764 tamen
846 1693 1121 1792 aliquid
1152 1718 1290 1792 pro
1313 1693 1480 1790 jure
1517 1707 1771 1765 nostro
1809 1691 2115 1764 dicimus
2133 1723 2186 1764 ».
2224 1699 2469 1765 Potest

336 1839 505 1888 sane
540 1816 1034 1906 Quintilianus
1074 1816 1147 1887 h.
1184 1817 1227 1888 l.
1262 1817 1706 1888 Herenniani
1745 1819 1974 1888 nostri
2017 1818 2462 1916 respexisse:

334 1932 491 2006 fieri
524 1951 767 2009 tamen
797 1938 1014 2010 etiam
1048 1953 1320 2038 potest,
1357 1953 1441 2010 ut
1467 1938 1560 2011 ad
1587 1939 1808 2010 alium
1836 1937 2104 2010 librum
2137 1962 2472 2037 respexe-

332 2062 458 2146 rit,
498 2061 577 2129 in
610 2084 777 2158 quo
810 2059 1247 2134 Cornificius
1285 2060 1646 2133 vocabulo
1685 2063 1958 2132 licentia
2001 2059 2259 2135 eodem
2303 2087 2468 2134 mo·

336 2180 433 2252 do
454 2238 473 2270 ,
508 2207 661 2280 quo
694 2186 1233 2276 Herennianus,
1270 2209 1445 2256 usus
1476 2199 1681 2256 esset.

430 2305 793 2396 «Quintil.
842 2310 984 2397 IX,
1024 2306 1107 2396 3,
1148 2305 1263 2395 31,
1318 2305 1570 2405 figurae
1624 2305 2148 2404 complexionis
2191 2330 2246 2378 s.
2302 2335 2465 2403 συμ-

332 2440 563 2513 πλοκῆς
600 2428 792 2502 idem
826 2432 1245 2530 exemplum
1298 2430 1551 2520 affert,
1595 2458 1749 2530 quo
1787 2433 2022 2504 utitur
2043 2436 2136 2503 A.
2179 2433 2268 2503 ad
2317 2439 2462 2505 He·

332 2578 537 2625 renn.
572 2560 698 2642 IV,
739 2558 823 2642 14
864 2582 881 2627 t
929 2585 963 2622 α
985 2558 1129 2647 Qui
1165 2571 1336 2628 sunt
1377 2611 1392 2627 .
1426 2610 1441 2627 .
1474 2610 1490 2627 .
1534 2554 2234 2653 Carthaginienses».
2277 2559 2464 2649 Quia

332 2693 575 2750 tamen
641 2679 1126 2770 Quintilianus
1185 2678 1381 2751 haud
1438 2678 1675 2765 addit,
1740 2682 1858 2751 cui
1925 2682 2258 2779 scriptori
2325 2681 2468 2753 hoc
2509 2671 2512 2680 ’

330 2802 745 2902 exemplum
788 2819 1165 2901 acceptum
1198 2802 1463 2877 referat
1480 2858 1504 2891 ,
1549 2802 1728 2875 nihil
1775 2803 1896 2875 illa
1935 2828 2464 2877 commemora-

328 2928 529 2999 tione
567 2926 659 2999 ad
702 2952 989 3001 causam
1026 2944 1345 3001 nostram
1378 2926 1709 3001 efficitur.
2015 2986 2022 2992 .
2433 2989 2443 3000 .

424 3082 458 3118 α
480 3052 787 3141 Quintil.
808 3054 933 3139 IX,
964 3050 1033 3139 3,
1062 3050 1155 3125 56
1186 3080 1205 3122 ε
1232 3057 1480 3125 cesant
1509 3066 1750 3124 tamen
1782 3050 2064 3123 erudita
2100 3066 2174 3123 et
2199 3052 2455 3126 latina:

327 3172 665 3247 Africano
718 3174 1059 3246 virtutem
1100 3162 1457 3246 industria
1476 3228 1498 3259 ,
1559 3176 1788 3245 virtus
1845 3174 2182 3271 gloriam,
2234 3175 2461 3272 gloria

324 3298 623 3369 aemulos
654 3301 1164 3397 comparavit».
1192 3304 1283 3370 Et
1302 3297 1533 3369 Calvi:
1554 3303 1768 3373 «Non
1798 3322 1970 3395 ergo
1994 3301 2218 3393 magis
2251 3322 2466 3397 pecu-

324 3424 613 3493 niarum
660 3422 1255 3521 repetundarum,
1306 3436 1443 3493 etc.
1472 3452 1507 3489 ³>
1556 3425 1690 3493 Hic
1753 3420 2206 3520 Spaldingius
2253 3438 2466 3498 acute

326 3548 736 3647 suspicatur
768 3561 933 3645 post
970 3546 1201 3619 latina
1246 3550 1582 3619 omissam
1631 3571 1784 3619 esse
1825 3571 1867 3617 a
1917 3544 2222 3619 librariis
2264 3556 2464 3621 me'n-

325 3673 601 3743 tionem
638 3673 989 3758 auctoriS,
1024 3674 1193 3769 quia
1218 3672 1463 3771 paullo
1490 3687 1658 3769 post
1686 3674 2060 3769 sequitur:
2098 3676 2198 3745 Ec
2235 3674 2458 3747 Calvi.

322 3799 507 3867 Sane
540 3798 603 3866 si
638 3795 759 3866 hic
801 3796 879 3865 in
912 3793 1122 3866 codd.
1158 3796 1564 3892 legeremus
1610 3821 1626 3863 z
1665 3806 1708 3861 ἀ
1739 3799 1929 3867 Sunt
1978 3809 2222 3867 tamen
2285 3794 2454 3869 eru-

322 3918 466 3990 dita
502 3936 577 3991 et
612 3918 844 3989 latina
881 3917 1247 3991 Cornificii
1271 3950 1337 4005 n,
1377 3918 1500 3990 hic
1549 3917 1754 3991 locu's
1791 3944 1908 3991 me
1953 3920 2262 3997 maxime
2305 3940 2460 3995 mo-

324 4055 552 4135 verer,
586 4059 673 4115 ut
706 4044 1185 4115 existimarem
1218 4043 1792 4131 Quintilianum,
1831 4040 1952 4115 ubi
1987 4044 2460 4122 Cornificium
