2982 4682
726 387 853 457 DE
897 384 1491 473 INVENTIONE,
1541 388 1810 457 Lissa
1863 388 1970 473 11,
2012 388 2128 481 47.
2353 386 2494 481 487

371 508 627 581 ordine
668 506 981 605 judices,
1032 520 1229 579 certa
1272 520 1477 579 aetate
1511 505 1847 606 praeditos
1881 510 2372 599 constituisse,
2415 524 2496 579 ut

372 632 641 706 essent,
674 642 825 689 non
861 618 991 715 qui
1022 618 1373 715 scriptum
1404 642 1620 689 suum
1651 618 2040 689 recitarent
2061 670 2080 702 ‚
2115 616 2322 714 quod
2345 620 2500 715 qui-

372 732 477 799 vis
512 752 697 826 puer
738 726 973 803 facere
1014 741 1259 824 posset
1276 782 1297 815 ‚
1340 728 1465 801 sed
1496 730 1626 827 qui
1662 730 2174 825 cogitationem
2215 730 2499 824 assequi

372 852 673 937 possent
692 892 713 927 ,
756 852 831 910 et
898 838 1341 912 voluntatem
1404 840 1906 937 interpretari3
1975 836 2238 911 deinde
2297 839 2501 911 illurn

371 954 833 1049 scriptorem,
886 950 945 1021 si
986 954 1253 1048 scripta
1295 976 1425 1023 sua
1467 952 1704 1024 stultis
1747 948 2170 1022 hominibus
2212 963 2286 1020 et
2327 946 2496 1020 har·

372 1058 567 1131 haris
586 1057 958 1155 judicibus
994 1064 1477 1133 committeret
1500 1115 1520 1149 ‚
1555 1062 1798 1135 omnia
1825 1082 2106 1132 summa
2133 1056 2504 1157 diligentia

374 1172 939 1267 perscripturum
982 1166 1238 1258 fuisse3
1292 1196 1496 1243 nunc
1533 1196 1741 1257 vero,
1785 1170 1986 1268 quod
2031 1169 2460 1265 intelligeret
2481 1222 2504 1255 ‚

372 1278 621 1375 quales
656 1280 792 1349 viri
819 1276 1215 1374 judicaturi
1234 1278 1263 1325 ³
1290 1295 1560 1368 essent,
1602 1280 1874 1353 idcirco
1913 1304 2115 1367 eum,
2142 1304 2304 1377 quae
2335 1302 2502 1376 per-

371 1388 619 1484 spicua
667 1385 941 1459 videret
1000 1413 1187 1476 esse,
1235 1414 1383 1461 non
1446 1386 1904 1489 adscripsisse
1942 1418 1958 1461 :
2007 1414 2250 1487 neque
2303 1390 2498 1459 enim

369 1522 499 1569 vos
534 1499 781 1596 scripti
814 1500 928 1571 sui
966 1501 1383 1571 recitatores
1401 1555 1422 1588 ‚
1472 1500 1602 1573 sed
1647 1501 2036 1572 voluntatis
2071 1502 2502 1596 interpretes

368 1604 526 1677 fore
554 1611 853 1703 putavit.
894 1612 1145 1707 i²ostea
1177 1615 1556 1706 quaerere⁴
1588 1610 1678 1681 ab
1715 1610 2136 1682 adversariis
2156 1663 2176 1696 ‚
2215 1606 2412 1699 Quid
2443 1608 2506 1677 si

370 1717 513 1791 hoc
551 1715 927 1791 fecissem?
962 1719 1137 1816 quid
1178 1722 1239 1791 si
1281 1719 1425 1791 hoc
1458 1720 1874 1793 accidisset?
1907 1743 2163 1791 eorum
2199 1716 2504 1814 aliquid,

368 1827 444 1895 in
484 1826 757 1923 quibus
792 1843 917 1899 aut
948 1853 1161 1901 causa
1198 1833 1289 1899 sit
1328 1830 1855 1909 honestissima,
1881 1844 2006 1899 aut
2043 1828 2502 1901 necessitudo

368 1938 791 2025 certissima3
820 1953 1074 2009 tumne
1100 1939 1809 2035 accusaretisiAtqui
1835 1938 1976 2009 hoc
1997 1938 2112 2009 lex
2139 1960 2496 2035 nusquam

369 2048 667 2145 excepit.
708 2050 869 2118 Non
910 2072 1085 2143 ergo
1120 2050 1363 2119 omnia
1399 2050 1718 2145 scriptis,
1757 2047 1880 2121 sed
1921 2046 2250 2145 quaedam
2272 2100 2292 2129 ‚
2340 2046 2502 2143 quir

370 2158 748 2254 perspicua
786 2160 933 2229 sint
954 2154 1009 2245 ⁵,
1044 2161 1273 2256 tacitis
1326 2157 1878 2257 exceptionibus
1923 2158 2181 2229 caveri.
2220 2155 2502 2225 Deinde

368 2266 640 2338 nullam
676 2293 833 2339 rem
870 2293 1112 2366 neque
1150 2269 1467 2366 legibus,
1503 2294 1742 2367 neque
1783 2270 2140 2366 scriptura
2171 2265 2356 2349 ulla,
2389 2266 2507 2336 de·

368 2376 591 2474 nique
612 2403 703 2448 ne
724 2373 849 2448 in⁶
879 2403 1217 2452 sermone
1233 2380 1530 2477 quidem
1563 2380 1992 2477 quotidiano
2019 2391 2236 2474 atque
2272 2379 2502 2474 impe·

367 2488 491 2558 riis
517 2486 931 2561 domesticis
958 2505 1157 2564 reete
1201 2514 1417 2588 posse
1458 2489 1982 2576 administrari,
2020 2491 2081 2560 si
2111 2490 2500 2584 unusquis-

366 2621 513 2695 que
542 2600 713 2672 velit
744 2599 965 2672 verba
994 2617 1353 2699 spectare,
1397 2617 1469 2672 et
1499 2627 1650 2674 non
1691 2601 1786 2674 ad
1819 2600 2264 2672 voluntatem
2308 2598 2508 2694 ejuS,

366 2711 493 2806 qui
535 2710 755 2782 verba
783 2709 1150 2800 habuerit,
1194 2711 1552 2784 accedere.

1479 2877 1508 2900 ιι
1525 2855 1716 2905 Deinde
1733 2871 1798 2904 α
1823 2855 1928 2904 util.
1942 2889 1955 2902 .
1972 2843 2254 2903 ,ostendere
2275 2867 2332 2908 ις
2358 2861 2407 2899 et
2425 2851 2503 2900 iu-

364 2853 577 2904 morio.
597 2856 678 2904 Ab
694 2857 782 2907 illo
805 2871 957 2921 quum
977 2857 1035 2906 C.
1050 2857 1305 2908 Gracchus
1326 2857 1391 2906 ad

364 2935 553 2998 equite·
582 2935 770 2994 judicia
790 2937 1137 2996 transtulisset,
1174 2951 1219 2986 a.
1264 2937 1385 2998 630,

368 3013 555 3062 Plotius
589 3029 632 3062 ι.
654 3015 791 3076 654,
821 3033 933 3064 cum
964 3017 1269 3065 senatoribus
1299 3032 1383 3065 ea·

368 3093 477 3140 dem
492 3093 667 3141 iterum
694 3089 1129 3150 communicasset.
1154 3095 1288 3146 Sulla
1308 3095 1384 3144 di-

366 3181 525 3220 ctator
555 3189 669 3220 ann.
700 3174 800 3235 671
822 3176 1011 3222 senatui
1044 3174 1138 3222 soli
1172 3175 1381 3223 addixit.

366 3251 443 3300 ct.
463 3250 525 3299 ad
536 3252 755 3312 Brutum,
775 3255 865 3309 43.
888 3255 1063 3302 ‘We-rs.

443 3331 493 3378 3.
539 3332 718 3395 Quales
758 3331 867 3379 viri
890 3329 1172 3396 judicaturi
1210 3343 1382 3382 usone.
1402 3387 1411 3393 ,

366 3412 457 3460 Ms
475 3411 610 3460 can.
630 3413 731 3461 Gu.
762 3427 791 3458 a
812 3446 828 3472 ,
858 3423 909 3461 et
938 3411 1019 3462 alii
1066 3411 1199 3476 apud
1223 3413 1382 3463 Gran.

366 3502 415 3540 et
437 3491 567 3542 Oud.
588 3489 777 3540 addunt
803 3507 906 3553 res,
924 3490 1063 3554 quod
1088 3491 1205 3539 mihi
1232 3505 1340 3538 non
1356 3508 1385 3539 ι

364 3570 573 3618 librarii·
585 3580 745 3618 ortum
764 3569 985 3617 videtur:
1006 3589 1033 3610 ιι
1044 3583 1120 3615 res
1126 3567 1385 3629 iudieare-

366 3649 489 3697 bene
523 3647 727 3698 latinum
762 3657 869 3707 ent,
898 3658 949 3695 et
986 3663 1144 3710 prope
1174 3647 1391 3696 formula

364 3727 595 3776 solemnis
612 3729 665 3775 iu
692 3727 786 3774 hec
806 3743 876 3775 re.
898 3727 1027 3774 Eu.
1052 3753 1123 3764 —
1142 3726 1256 3775 Sela.
1286 3742 1383 3776 vo·

364 3806 521 3854 cul-m
549 3823 627 3853 res
654 3807 841 3870 recepit
858 3839 875 3864 ,
903 3805 1037 3869 qnod
1070 3805 1151 3854 hie
1176 3807 1384 3856 omnino

364 3885 427 3934 de
442 3885 693 3947 judicibus
727 3885 929 3944 futuris,
956 3901 1061 3934 nou
1094 3885 1155 3934 de
1176 3887 1267 3948 iis,
1294 3887 1385 3951 qui

364 3966 415 4012 in
440 3975 570 4012 eet-ta
588 3964 797 4029 quadem
818 3979 963 4013 cause
981 3965 1389 4028 judicetur-isim,

364 4045 537 4110 agitur.

437 4133 484 4190 4.
506 4127 683 4176 Postea
704 4137 923 4193 quma
950 4124 1015 4175 ab
1043 4124 1238 4176 adnm
1256 4123 1377 4174 infre

1473 2936 1625 2984 ferina
1654 2953 1680 2976 α
1701 2945 1894 2998 postes.
1915 2967 1928 2981 .
1949 2965 1964 2978 .
2010 2931 2286 2982 describere
2313 2951 2358 2981 n».
2405 2933 2502 2980 Pro

1472 3014 1534 3061 iis
1557 2998 1674 3062 Schss
1698 3011 1780 3060 dat
1810 3015 2024 3060 «Postea
2043 3023 2230 3076 queret
2257 3011 2320 3060 ab
2350 3011 2502 3064 adv...

1470 3091 1687 3140 Deinde.
1709 3125 1722 3140 .
1744 3128 1758 3141 .
1784 3090 2035 3140 ostendet.
2055 3125 2068 3138 .
2090 3126 2105 3141 .
2132 3093 2385 3140 Postea...
2417 3090 2501 3139 ‹le-

1469 3171 1654 3219 sen-ibet
1664 3193 1708 3220 ι».
1747 3171 1844 3221 nio
1879 3169 2062 3234 ubique
2075 3203 2092 3229 ,
2129 3170 2294 3234 inquit
2311 3203 2326 3228 ,
2347 3171 2496 3218 verbe

1470 3261 1600 3298 recta
1637 3250 1921 3314 posuimus,
1950 3265 2060 3313 qnae
2091 3250 2146 3296 in
2171 3250 2338 3298 Futuro
2370 3259 2495 3298 tem-

1470 3345 1594 3394 pore
1615 3329 1930 3378 eontinentur
1962 3345 2074 3377 eum
2099 3327 2221 3378 illo:
2247 3349 2275 3370 ι
2291 3326 2496 3376 demon-

1471 3409 1672 3468 strabit,
1713 3409 1893 3457 nullam
1930 3425 2034 3456 esse
2077 3409 2232 3472 legem
2245 3431 2288 3457 ιι.
2333 3410 2397 3475 Et
2428 3409 2498 3458 sic

1470 3487 1646 3538 ultimo
1661 3488 1780 3538 loeo
1796 3487 1902 3536 haec
1923 3499 2320 3552 argumentomm
2343 3503 2500 3552 expo-

1470 3567 1587 3614 sitio
1604 3567 1772 3616 eadem
1789 3569 1929 3616 tertis
1949 3583 2159 3632 persona
2181 3567 2336 3614 futuri
2360 3567 2498 3616 chu-

1471 3645 1639 3696 ditur=
1665 3669 1691 3688 ο
1707 3663 1811 3696 eam
1843 3663 2062 3705 eausam,
2084 3661 2228 3710 quem
2247 3645 2352 3709 ipse
2375 3645 2495 3694 affe-

1469 3736 1546 3774 ret
1561 3758 1579 3784 ,
1602 3735 1832 3790 oportere
1859 3727 2018 3789 accipi
2044 3724 2396 3772 demonstrabit
2415 3747 2457 3774 n.

1544 3805 1595 3853 5.
1629 3807 1752 3869 Qua
1779 3805 2040 3869 perspicua
2086 3803 2200 3852 sim.
2243 3804 2325 3851 sio
2367 3805 2496 3854 Mss

1470 3885 1616 3933 etiam
1647 3883 1828 3945 nostri,
1860 3893 1910 3932 et
1939 3883 2054 3934 edd.
2083 3899 2162 3948 pr.
2181 3881 2332 3948 vulgo
2349 3893 2466 3932 sune
2480 3919 2498 3946 ,

1468 3963 1616 4016 male.

1539 4045 1590 4094 6.
1611 4045 1690 4094 Ne
1709 4043 1760 4092 in
1779 4061 1820 4094 s.
1843 4061 1893 4108 q.
1916 4051 2054 4108 quoe.
2081 4051 2232 4106 atque
2262 4040 2378 4107 imp.
2403 4043 2496 4094 do-

1469 4122 1832 4173 mesticis.vide
1871 4137 1945 4172 or.
1973 4137 2068 4186 pro
2085 4121 2276 4172 Gooiua
2291 4157 2308 4184 ‚
2333 4137 2384 4175 ο.
2409 4123 2492 4176 18.
