2982 4682
742 447 872 515 AD
919 445 1511 527 HERENNIUM,
1564 445 1833 514 LIBER
1881 447 2013 528 lv,
2068 467 2181 540 ²9·
2286 451 2294 464 '
2382 446 2521 516 223

374 595 516 642 nus
551 567 892 640 scelerate
929 567 1232 638 intulisti
1259 597 1310 637 ».
1359 569 1665 638 Necesse
1718 581 1825 635 est
1865 567 2062 661 ejus',
2110 568 2239 662 qui
2283 568 2519 652 audit,

374 682 696 752 animum
735 681 1215 761 commoveri,
1282 701 1509 774 quum
1548 677 1853 774 gravitas
1894 677 2153 774 prioris
2195 676 2365 748 dicti
2403 703 2517 750 re-

371 805 684 860 novatur
729 789 1320 885 interpretatione
1356 785 1769 857 verborum.

474 901 966 972 Commutatio
996 913 1104 970 est
1123 889 1180 985 ⁸,
1213 922 1443 994 quum
1481 897 1641 968 duae
1680 899 2053 968 sententiae
2086 899 2273 967 inter
2306 922 2382 968 se
2415 897 2519 968 di-

375 1024 790 1109 screpantes
823 1034 911 1079 ex
939 1008 1450 1103 transjectione
1491 1012 1587 1078 ita
1636 1005 2064 1092 efferuntur,
2100 1021 2180 1076 ut
2207 1031 2246 1076 a
2277 1011 2517 1104 priore

375 1123 758 1217 posterior,
797 1120 1156 1189 contraria
1198 1118 1466 1216 priori,
1502 1114 2026 1214 proficiscatur,
2067 1115 2210 1186 hoc
2252 1115 2513 1187 modo:

375 1261 412 1294 α
439 1235 606 1302 Esse
641 1244 974 1326 oportet,
1011 1244 1091 1298 ut
1125 1230 1359 1312 vivas3
1395 1251 1547 1298 non
1589 1229 1849 1310 vivere,
1892 1241 1974 1296 ut
2012 1224 2181 1296 edas
2207 1256 2261 1295 ».
2300 1231 2519 1310 Item,

373 1371 408 1406 α
438 1345 540 1412 Ea
565 1365 646 1410 re
677 1354 1006 1436 poemata
1039 1363 1191 1408 non
1213 1335 1399 1408 facio
1418 1391 1439 1422 ,
1466 1340 1637 1432 quia
1660 1390 1678 1420 ‚
1704 1332 2109 1430 cujusmodi
2136 1335 2303 1406 volo
2325 1389 2345 1420 ‚
2367 1359 2517 1405 non

377 1473 717 1546 possum3
763 1447 1166 1542 cujusmodi
1214 1471 1550 1544 possum,
1591 1447 1765 1517 nolo
1782 1475 1835 1514 n.
1890 1450 2113 1534 Item,
2156 1475 2189 1511 α
2215 1447 2395 1534 Quae
2428 1445 2519 1516 de

376 1560 501 1630 illo
519 1558 886 1644 dicuntur,
908 1557 1053 1628 dici
1089 1581 1235 1626 non
1265 1572 1571 1654 possunt
1596 1584 1615 1645 ς
1648 1582 1809 1653 quae
1829 1556 1970 1628 dici
1998 1571 2339 1652 possunt,
2368 1581 2517 1627 non

373 1669 837 1742 dicuntum».
897 1669 1120 1750 Item,
1166 1695 1201 1732 ι(
1227 1669 1298 1736 Si
1355 1691 1615 1764 poema
1670 1666 1982 1763 loquens
2043 1668 2323 1764 pictura
2382 1682 2519 1752 est3

377 1783 661 1878 pictura
728 1778 1023 1848 tacitum
1081 1801 1342 1873 poema
1386 1774 1609 1846 debet
1669 1802 1820 1848 esse
1847 1788 1974 1846 ¹⁰».
2011 1780 2226 1860 Item,
2268 1805 2302 1842 α
2331 1779 2518 1868 Quia

377 1889 640 1962 stultus
667 1897 852 1972 es¹¹,
889 1914 971 1958 ea
996 1911 1074 1957 re
1111 1901 1343 1974 taces;
1379 1911 1534 1956 non
1566 1901 1805 1957 tamen
1828 1939 1847 1973 ,
1874 1888 2045 1984 quia
2076 1901 2289 1974 taceS‚
2326 1913 2407 1959 ea
2436 1915 2517 1961 re

377 1998 638 2070 stultus
676 2023 754 2069 es
777 2029 832 2067 n.
877 2001 1043 2070 Non
1085 2011 1322 2094 potest
1362 1997 1503 2067 dici
1528 2050 1547 2083 ,
1589 2021 1809 2093 quam
1852 1996 2233 2068 commode
2260 2008 2321 2040 1²
2360 1997 2516 2086 fiat,

377 2134 608 2207 quum
645 2110 1018 2180 contrariae
1061 2111 1433 2178 sententiae
1471 2106 1935 2177 translatione
1973 2105 2193 2178 verba
2222 2132 2519 2205 quoque

377 2231 913 2290 convertantur.
944 2216 1156 2286 Plura
1186 2215 1632 2311 subjecimus
1656 2216 2015 2313 exempla,
2042 2221 2517 2315 ut,qu0niam

375 2327 664 2400 difficile
707 2341 815 2399 est
854 2328 996 2399 hoc
1049 2353 1280 2425 genus
1319 2329 1816 2399 exornationis
1865 2329 2169 2398 inventu
2197 2382 2216 2413 ‚
2273 2326 2522 2399 diluci-

373 2437 552 2509 dum
579 2453 766 2511 esset
789 2464 807 2526 3
834 2452 946 2521 ut,
979 2461 1207 2534 quum
1238 2435 1427 2509 bene
1447 2452 1637 2509 esset
1664 2438 2112 2509 intellectum
2133 2429 2220 2525 ¹3,
2246 2434 2519 2510 facilius

375 2552 452 2621 in
491 2547 804 2620 dicendo
843 2548 1310 2619 inveniretur.

471 2662 712 2730 XXIX
777 2658 1072 2755 (xxix.)
1133 2660 1560 2744 Permissio¹
1604 2676 1713 2731 est
1740 2714 1759 2747 ,
1802 2683 2033 2757 quum
2072 2658 2519 2732 ostendimus

448 2834 495 2888 8.
529 2835 849 2885 Commutatio
863 2872 879 2897 ,
917 2828 1268 2901 ἀντιμεταὸολὴ
1283 2870 1298 2895 ,
1339 2834 1402 2883 de

375 2932 470 2981 qun
496 2916 704 2979 Quintil.
727 2917 830 2977 11,
866 2914 945 2965 13.
966 2914 1100 2978 Quid
1119 2915 1184 2964 sit
1205 2949 1220 2975 ,
1259 2914 1402 2963 facile

376 2995 661 3059 intelligitur
687 2994 939 3058 exemplis.

447 3091 499 3137 9.
529 3078 654 3138 Qua·
675 3073 738 3121 de
750 3072 835 3121 illo
847 3071 1094 3134 dicuntur,
1113 3083 1205 3120 etc.
1225 3071 1283 3119 Id
1302 3084 1397 3129 est,

375 3170 486 3218 qnoe
539 3153 688 3217 vulgo
739 3153 972 3201 dicuntur
1021 3150 1084 3199 de
1125 3152 1246 3209 ino,
1282 3154 1400 3201 mihi

376 3241 582 3296 propter
612 3231 854 3296 pudorem
883 3230 984 3277 dici
1022 3247 1124 3278 non
1165 3241 1400 3294 possunt3

376 3311 462 3359 sed
485 3327 540 3361 e·
555 3324 668 3373 qua
687 3310 785 3357 dici
807 3321 1015 3374 possunt
1028 3344 1045 3369 ,
1068 3322 1180 3373 qun
1197 3308 1400 3357 honesta

377 3391 512 3438 fsetu
551 3389 787 3453 dictuque
821 3400 966 3445 sunt,
997 3388 1060 3436 de
1095 3404 1154 3437 eo
1188 3404 1292 3435 non
1329 3386 1402 3435 di-

377 3480 588 3529 cuntum
631 3482 806 3533 nempe
867 3468 980 3531 quia
1031 3468 1154 3515 nihil
1195 3468 1402 3515 honeste

377 3547 506 3597 facit.

453 3642 530 3674 ιο.
563 3625 618 3673 Si
633 3640 814 3689 poema
839 3626 1040 3690 loquens
1066 3624 1259 3689 pictura
1293 3637 1401 3682 est,-

389 3739 401 3752 .
423 3740 436 3753 .
459 3721 586 3753 ‚esse
606 3740 623 3765 ,
659 3714 754 3753 etc.
785 3704 1048 3753 Simonidis
1079 3692 1264 3753 dictum
1297 3721 1400 3753 esse

377 3783 608 3833 discimus
631 3800 658 3831 a
682 3782 948 3832 Plutarcho
964 3820 980 3845 ,
1021 3785 1084 3833 de
1115 3785 1230 3833 and.
1263 3794 1397 3849 poet.

379 3863 570 3927 enp.3;
612 3862 678 3911 ci.
717 3874 889 3925 quest.
929 3863 1127 3913 conviv.
1169 3865 1273 3922 11,
1316 3864 1394 3913 15.

376 3940 554 3990 Wnn.

455 4036 474 4066 ι
488 4036 533 4067 ι.
561 4020 692 4084 Quia
715 4020 886 4067 melem
903 4036 970 4069 es.
991 4022 1116 4075 MSS
1151 4021 1401 4088 plerique,

1489 2837 1620 2884 forte
1670 2837 1911 2901 optimum
1956 2836 2022 2884 sit
2040 2870 2055 2896 ,
2102 2820 2355 2900 utramque
2404 2839 2519 2888 lect.

1489 2912 1789 2980 conjungere
1823 2930 1838 2965 ε
1888 2936 1911 2959 ι
1931 2915 2002 2977 si,
2048 2916 2164 2979 qnia
2209 2916 2390 2965 stultns
2439 2935 2520 2976 es,

1489 3005 1585 3042 etc.
1618 3014 1641 3036 ι
1664 2996 1793 3043 Eun.

1568 3088 1647 3121 η.
1684 3074 1841 3134 Quam
1876 3070 2125 3119 commode
2140 3071 2262 3139 fiae.
2287 3074 2367 3121 Sic
2394 3074 2519 3123 MSS

1491 3152 1521 3199 3
1549 3151 1684 3215 apud
1706 3150 1835 3199 Oud.
1856 3162 1905 3198 et
1932 3150 2049 3198 edd.
2070 3151 2270 3200 Omnib.
2299 3150 2483 3217 (1475)
2501 3190 2519 3215 ,

1489 3232 1631 3279 Junt.
1668 3231 1794 3278 Nam
1834 3229 2085 3293 vulgatum
2117 3229 2237 3294 quin
2272 3232 2357 3279 vix
2384 3248 2518 3281 eom-

1488 3308 1637 3357 mode
1658 3310 1890 3374 explic-ri
1916 3320 2093 3374 potest.
2118 3311 2253 3359 Eius.

1568 3404 1589 3436 1
1600 3390 1647 3439 3.
1668 3391 1749 3447 Ut,
1766 3404 1917 3453 quum
1934 3391 2053 3438 bem
2065 3400 2189 3437 essee
2202 3390 2516 3455 est-plicatum.

1489 3469 1609 3517 Non.
1632 3468 1807 3517 dubito
1845 3484 1937 3532 pro
1966 3480 2019 3517 ut
2040 3469 2299 3532 legendnm
2326 3487 2428 3518 esse
2450 3484 2515 3519 ue.

1491 3548 1621 3595 Em«.
1655 3574 1725 3585 —
1771 3548 1886 3598 ach.
1931 3549 2177 3613 expunxit
2216 3550 2365 3597 verba
2406 3566 2515 3613 quae

1489 3627 1802 3691 proeoednnt,
1841 3649 1865 3669 ιι
1884 3628 2157 3677 dilucidum
2196 3638 2346 3685 esset,
2384 3640 2439 3677 nt
2457 3650 2480 3671 ι
2498 3663 2513 3687 ,

1489 3722 1601 3769 qnae
1658 3706 2058 3770 interpolatorem
2108 3708 2204 3755 sibi
2256 3706 2387 3755 olere
2440 3708 2513 3754 vi·

1489 3784 1685 3832 dentur.

1561 3865 1755 3911 XXIX.
1780 3878 1825 3911 1.
1854 3860 2118 3912 Permissio.
2148 3865 2235 3911 Gr.
2264 3860 2513 3928 δπιτροπῆ.

1491 3942 1757 3991 Plurimum
1789 3941 1956 3988 differt
1979 3956 2007 3986 a
2034 3939 2359 3989 concessione.
2387 3938 2519 3988 Alto-

1491 4037 1543 4069 ra
1569 4037 1744 4085 nempe
1766 4034 1924 4067 causae
1946 4015 2129 4065 confisa
2149 4052 2167 4079 ,
2211 4017 2273 4067 de
2294 4019 2403 4078 jure
2424 4036 2516 4068 suo

375 4098 518 4147 etiam
552 4098 670 4148 odd.
701 4109 821 4148 vett.
848 4108 904 4148 ut
927 4108 1060 4166 1474
1082 4101 1266 4150 habent
1312 4124 1339 4144 κ
1361 4104 1405 4149 si
1494 4099 1724 4155 remittit,
1754 4110 1810 4147 ut
1834 4096 2073 4146 concedat
2088 4096 2277 4163 aliquid
2294 4096 2517 4147 adversa·

377 4176 552 4227 stultns
562 4212 682 4230 .....
694 4192 797 4227 non
844 4188 1007 4227 nmen
1049 4180 1092 4227 si
1130 4190 1314 4230 taces».
1343 4182 1404 4227 Et

1496 4179 1600 4238 rio;
1650 4190 1724 4225 est
1763 4176 1914 4241 igitur
1964 4192 2076 4225 cnm
2120 4174 2301 4226 fidncia
2353 4178 2521 4245 impu-
