2982 4682
448 305 579 393 154
1108 306 1209 377 M.
1262 308 1341 377 T.
1396 290 1880 379 clcERoms

435 455 589 502 esse
623 442 946 527 oportet,
985 442 1058 501 et
1093 454 1183 500 ex
1221 427 1564 501 omnibus
1597 426 1834 500 verbis
1877 441 2084 499 notas
2121 425 2334 497 nobis
2370 428 2562 500 simi-

436 540 775 613 litudines
814 538 1077 635 eligere
1114 538 1500 625 debemu5‚
1539 538 1859 636 duplices
1887 536 2386 614 similitudines
2415 564 2568 609 esse

440 650 741 737 debent;
792 674 954 721 unae
1003 673 1290 736 rerum,
1334 648 1568 720 alteroe
1614 646 2024 720 verborum.
2061 651 2332 721 Rerum
2375 648 2567 723 simi·

439 763 832 834 litudines²
890 763 1437 858 exprimuntur,
1495 782 1724 857 quum
1780 758 2192 831 summatim
2245 759 2568 855 ipsorum

445 874 901 968 negotiorum
939 872 1281 966 imagines
1318 892 1867 966 comparamus:
1897 864 2288 947 verborum
2323 866 2568 937 simili-

445 980 734 1072 tudines
761 980 1343 1071 constituuntur,
1376 1003 1609 1075 quum
1653 977 2220 1073 uniuscnjusque
2261 979 2576 1047 nominis

447 1104 519 1161 et
554 1087 886 1161 vocabuli
924 1091 1265 1161 memoria
1303 1090 1614 1186 imagine
1646 1103 1960 1159 notatur.
2000 1090 2131 1159 Rei
2168 1089 2388 1161 totius
2425 1112 2573 1159 me-

450 1200 751 1269 moriam
798 1223 985 1295 saepe
1021 1224 1163 1269 una
1202 1214 1414 1283 nota,
1460 1213 1532 1270 et
1570 1196 1880 1296 imagine
1909 1196 2211 1297 simplici
2246 1221 2577 1295 compre-

451 1304 887 1394 hendemus»,
939 1307 1083 1379 hoc
1134 1304 1401 1381 modo:
1438 1339 1473 1375 α
1500 1322 1580 1381 ut
1611 1312 1671 1382 si
1714 1324 2084 1384 accusator
2130 1306 2428 1389 dixerit,
2486 1307 2577 1377 ab

448 1443 579 1489 reo
632 1416 1005 1487 homiuem
1051 1442 1335 1489 veneno
1382 1432 1760 1505 necatum,
1801 1432 1874 1488 et
1923 1416 2337 1491 hereditatis
2375 1440 2582 1487 causa

362 1587 369 1594 ,
453 1525 721 1598 factum
762 1528 1121 1622 arguerit,
1175 1542 1247 1598 et
1290 1529 1449 1623 ejus
1488 1528 1592 1599 rei
1633 1527 1902 1599 multos
1951 1527 2214 1601 dixerit
2254 1542 2471 1600 testes
2512 1540 2582 1597 et

458 1637 784 1707 conscios
830 1660 983 1707 esse
1002 1638 1165 1707 »zsi
1208 1637 1347 1709 hoc
1393 1638 1748 1734 primum,
1787 1651 1868 1707 ut
1902 1635 1990 1709 ad
2043 1633 2582 1707 defendendum

454 1744 669 1817 nobis
720 1744 1139 1843 expeditum
1192 1748 1317 1833 sit,
1370 1748 1781 1819 meminisse
1831 1747 2189 1844 volemus&
2233 1748 2304 1817 in
2350 1749 2586 1844 primo

453 1854 617 1926 loco
642 1857 746 1925 rei
787 1858 1003 1926 totius
1038 1857 1423 1953 imaginem
1460 1854 2112 1940 conformabimus3
2134 1870 2482 1953 aegrotum
2511 1857 2586 1925 in

356 2045 363 2056 ⁸
460 1963 1058 2037 lectocubantem
1090 1963 1435 2036 faciemus
1462 1968 1699 2065 ipsum
1740 1965 1979 2055 illum,
2008 1966 2096 2037 (le
2133 1991 2284 2064 quo
2316 1980 2588 2064 agetur,

459 2080 513 2148 si
560 2076 863 2147 formam
910 2078 1067 2173 ejus
1108 2075 1674 2161 detinebimus-³3
1723 2080 1781 2148 si
1821 2102 1986 2149 eum
2029 2102 2177 2148 uon
2217 2078 2589 2172 agnoveri-

460 2210 623 2259 mus
639 2185 696 2275 4,
736 2186 1050 2284 aliquem
1088 2201 1436 2283 {egrotum
1478 2212 1630 2258 non
1656 2186 1745 2259 de
1777 2188 2076 2259 minimo
2104 2182 2313 2257 loco⁵
2354 2208 2590 2255 sume—

462 2321 661 2386 muS,
724 2312 803 2368 ut
844 2298 986 2368 cito
1042 2300 1115 2367 in
1173 2313 1491 2369 mentem
1538 2298 1786 2369 venire
1826 2297 2082 2394 possit,
2127 2310 2201 2367 et
2249 2302 2455 2368 r'eum
2506 2292 2590 2364 acl
2697 2359 2708 2366 .

538 2495 591 2530 a.
610 2481 785 2527 Rerum
814 2476 1154 2526 sImilae'tudines
1176 2492 1221 2525 e.
1247 2496 1295 2542 q.
1318 2493 1363 2527 s.
1378 2477 1416 2526 ἰ.
1440 2495 1490 2527 n.

470 2557 713 2623 imagines
734 2572 892 2620 comp.
922 2556 1179 2604 verborum
1214 2555 1489 2604 similitudi-

474 2653 558 2684 nes
578 2653 621 2683 e.
640 2653 691 2700 q.
718 2653 768 2685 u.
792 2652 843 2684 n.
865 2651 907 2683 e.
928 2651 984 2683 ν.
1004 2651 1071 2684 m.
1099 2633 1317 2700 imagine
1340 2645 1490 2682 noea·

474 2727 570 2764 tur.
600 2712 797 2766 Schiitz.
828 2735 853 2756 ιι
871 2729 1032 2761 rerum
1059 2713 1319 2777 imagines.
1340 2748 1353 2762 .
1376 2747 1390 2760 .
1423 2714 1493 2760 si-

472 2795 774 2846 militudines
812 2809 978 2857 eomp.
1015 2793 1279 2841 verborum
1303 2793 1494 2860 „imagi-

470 2895 583 2926 nes.
604 2911 618 2924 .
640 2910 655 2924 .
684 2873 1001 2923 similitudine
1021 2884 1272 2922 notatur».
1298 2875 1494 2922 Permu-

472 2957 618 3014 tatio,
640 2955 802 3020 inquit
812 2989 826 3014 ,
842 2952 1053 3001 librariis
1074 2951 1294 3000 debetur.
1308 2954 1498 2999 Auctor

475 3036 605 3084 enim
628 3049 729 3081 non
752 3033 858 3080 vult
890 3032 1135 3096 explicam
1158 3030 1280 3096 quid
1306 3032 1408 3078 sint
1432 3031 1498 3078 si-

478 3111 807 3168 militudines,
827 3110 914 3159 sed
943 3109 1065 3175 quid
1090 3111 1354 3174 imaginem
1383 3123 1500 3174 ergo

484 3190 781 3240 vocabulum
804 3187 1065 3254 lentigines,
1090 3188 1225 3252 quod
1242 3199 1315 3235 est
1330 3185 1505 3236 defini-

478 3281 612 3326 tum,
644 3284 747 3316 non
774 3265 918 3315 debet
952 3257 1009 3315 in*
1046 3265 1331 3315 definitione
1359 3265 1502 3330 poni.

474 3353 707 3400 Praeteres
730 3346 991 3394 ridiculum
1018 3357 1141 3394 esset
1156 3379 1172 3404 ,
1200 3345 1498 3394 vocabulum

478 3427 761 3483 similitudo,
798 3425 935 3489 quod
962 3436 1034 3473 est
1070 3425 1235 3474 notius
1262 3435 1313 3473 et
1350 3425 1505 3490 magis

480 3505 715 3578 generale,
725 3520 813 3570 per
822 3503 1083 3570 imaginem
1098 3503 1357 3568 explicare.
1370 3507 1501 3552 Pro-

483 3603 611 3641 tei-ee
664 3583 861 3634 Schiitz.
903 3600 995 3648 pro
1040 3583 1379 3652 exprimuntur
1416 3582 1503 3631 dat

481 3674 851 3734 expromuntur.
874 3663 1197 3726 Expromere,
1216 3663 1401 3728 inquit,
1424 3678 1503 3709 re-

481 3750 607 3800 ctius
634 3742 894 3808 respondet
927 3743 1150 3806 sequenti
1176 3757 1466 3807 comparare
1481 3775 1498 3800 ,

482 3825 620 3894 quod
652 3821 825 3871 eodem
864 3822 1018 3869 modo
1056 3821 1262 3877 dieitur,
1289 3831 1343 3867 ut
1368 3829 1511 3866 antea

484 3907 674 3971 eligere.
704 3931 770 3941 -—
796 3899 1019 3949 Nominis
1042 3913 1091 3948 et
1108 3897 1357 3948 vocabuli.
1384 3899 1508 3948 Cod.

402 4027 405 4031 .
481 3988 584 4036 Ers.
606 3997 655 4032 et
678 3981 807 4030 l’itb.
832 3979 971 4027 babet
997 3979 1203 4026 hominis
1223 3989 1273 4025 ee
1294 3979 1514 4026 vocabu-

488 4071 551 4125 11⁷,
577 4063 712 4128 quod
738 4061 935 4110 Graevio
961 4079 1062 4108 non
1090 4059 1513 4122 displicebauaed

1577 2476 1787 2536 nominis
1804 2477 1860 2530 h.
1879 2477 1911 2525 l.
1935 2477 1996 2524 de
2021 2477 2226 2542 proprio
2240 2511 2256 2535 ,
2279 2475 2513 2524 vocabuli
2539 2479 2600 2522 de

1577 2557 1874 2622 appellativo
1887 2555 2275 2620 intelligendum.
2297 2554 2478 2604 Eodem
2497 2569 2602 2602 mo-

1581 2633 1648 2682 ‹lo
1666 2634 1872 2682 verbum
1898 2634 2090 2682 nomini
2115 2635 2390 2697 opponitur
2425 2637 2599 2682 Horat.

1583 2715 1735 2763 Serm.
1758 2715 1860 2772 1‚,3
1879 2747 1894 2770 ‚
1920 2723 2034 2769 τοι..
2055 2713 2270 2761 ὃοπστι.

1656 2794 1704 2840 3.
1727 2792 2070 2840 Detinebimus.
2097 2789 2293 2840 Schiitz.
2316 2789 2601 2838 tenebimus.

1583 2873 1693 2931 Sic,
1716 2873 1877 2935 inquit
1893 2907 1906 2930 ,
1933 2871 2099 2921 Lamb.
2126 2871 2249 2919 male
2283 2872 2443 2919 Graev.
2479 2885 2604 2916 eou-

1579 2951 1692 3014 jieit
1719 2950 2038 3000 retinebimus.
2057 2950 2150 2999 sed
2171 2963 2334 2997 tenere
2351 2964 2514 2996 verum
2534 2959 2609 2996 est

1585 3031 1693 3079 scil.
1718 3029 1968 3078 memoris.

1661 3119 1712 3167 4.
1754 3113 1884 3158 Eum
1921 3126 2022 3158 non
2066 3105 2420 3174 agnoverimus.
2461 3105 2610 3154 Palat.

1589 3199 1788 3253 quartus
1807 3199 1855 3236 et
1882 3199 2050 3242 sextus
2071 3185 2342 3234 excludunt
2359 3183 2614 3248 agnoveri-

1591 3283 1698 3314 mus
1718 3285 1738 3324 ‚-
1779 3267 1982 3330 probem
2006 3301 2021 3326 ,
2059 3265 2101 3312 si
2137 3276 2188 3312 et
2212 3263 2464 3311 tolleretur
2489 3278 2614 3321 una,

1591 3363 1716 3393 eum.
1763 3345 2051 3394 Gulielmius
2067 3343 2313 3392 maluisset
2333 3343 2616 3406 cognoveri-

1592 3441 1715 3473 mus.
1739 3423 1940 3474 Schiitz.
1979 3421 2358 3489 cognoverimus.
2389 3423 2460 3468 lta
2487 3431 2620 3470 recte

1593 3505 1799 3568 legitur,
1827 3505 2016 3568 inquit,
2060 3503 2113 3550 in
2142 3501 2220 3549 ed.
2253 3499 2478 3548 Lambini
2498 3500 2621 3548 etin

1591 3599 1739 3646 marg.
1768 3582 2022 3632 Cratandr.

1665 3664 1713 3712 5.
1743 3665 1859 3710 Non
1878 3663 1940 3710 de
1959 3661 2159 3708 minimo
2171 3660 2298 3708 loeo.
2313 3656 2476 3706 Codd.
2495 3655 2620 3706 Pau.

1593 3751 1753 3806 quart.
1768 3753 1818 3790 et
1832 3753 1955 3790 sext.
1972 3751 2020 3788 et
2034 3739 2216 3788 Medic.
2231 3739 2502 3802 negativam
2517 3751 2624 3783 non

1601 3819 1781 3868 habent
1803 3854 1817 3879 ‚
1833 3819 1966 3868 unde
1989 3817 2213 3866 Graevius
2235 3817 2412 3878 eonjie.
2437 3835 2458 3856 ι
2476 3829 2628 3878 egro-

1603 3911 1703 3946 tum
1733 3899 1793 3946 de
1816 3915 1915 3946 nou
1946 3899 2045 3946 imo
2067 3897 2238 3944 locon.
2276 3895 2401 3944 cod.
2437 3885 2537 3941 E‘rf.
2573 3904 2624 3940 et

1601 3977 1782 4024 Cauch-
1807 3977 1868 4024 nl.
1906 3999 1930 4018 ιι
1947 3976 2156 4039 aliquem
2193 3985 2424 4039 aegrotum
2449 3973 2512 4022 de
2533 3971 2627 4020 mi·-

1601 4058 1737 4128 nimp
1761 4057 1926 4120 aliquo
1952 4072 2195 4103 sumemus
2209 4076 2249 4099 n.
2277 4055 2494 4100 Setun-z.
