<?xml version="1.0" encoding="UTF-8"?>
<!DOCTYPE html PUBLIC "-//W3C//DTD XHTML 1.0 Transitional//EN"
    "http://www.w3.org/TR/xhtml1/DTD/xhtml1-transitional.dtd">
<html xmlns="http://www.w3.org/1999/xhtml" xml:lang="en" lang="en">
 <head>
  <title>
</title>
<meta http-equiv="Content-Type" content="text/html;charset=utf-8" />
  <meta name='ocr-system' content='tesseract 3.04.00' />
  <meta name='ocr-capabilities' content='ocr_page ocr_carea ocr_par ocr_line ocrx_word'/>
</head>
<body>
  <div class='ocr_page' id='page_1' title='image "./mtciceronisquae07lemagoog_0547.png"; bbox 0 0 2982 4682; ppageno 0'>
   <div class='ocr_carea' id='block_1_1' title="bbox 1198 344 2488 434">
    <p class='ocr_par' dir='ltr' id='par_1_1' title="bbox 1198 344 2488 434">
     <span class='ocr_line' id='line_1_1' title="bbox 1198 344 2488 434; baseline 0 -17"><span class='ocrx_word' id='word_1_1' title='bbox 1198 350 1571 434; x_wconf 76' lang='grc' dir='ltr'>ΤοΡιοΑ,</span> <span class='ocrx_word' id='word_1_2' title='bbox 1611 344 1676 419; x_wconf 88' lang='lat'><strong>3.</strong></span> <span class='ocrx_word' id='word_1_3' title='bbox 2315 348 2324 353; x_wconf 85' lang='lat'>·</span> <span class='ocrx_word' id='word_1_4' title='bbox 2359 344 2488 419; x_wconf 82' lang='lat'><strong>521</strong></span> 
     </span>
    </p>
   </div>
   <div class='ocr_carea' id='block_1_2' title="bbox 373 467 2508 2219">
    <p class='ocr_par' dir='ltr' id='par_1_2' title="bbox 373 467 2508 2219">
     <span class='ocr_line' id='line_1_2' title="bbox 373 467 2501 570; baseline -0.002 -25"><span class='ocrx_word' id='word_1_5' title='bbox 373 495 519 570; x_wconf 83' lang='lat' dir='ltr'><strong>uua</strong></span> <span class='ocrx_word' id='word_1_6' title='bbox 562 467 1173 541; x_wconf 81' lang='lat' dir='ltr'><strong>matrumfamilias</strong></span> <span class='ocrx_word' id='word_1_7' title='bbox 1208 492 1457 541; x_wconf 86' lang='lat' dir='ltr'><strong>earum</strong></span> <span class='ocrx_word' id='word_1_8' title='bbox 1488 481 1540 555; x_wconf 85' lang='lat'><strong>⁷,</strong></span> <span class='ocrx_word' id='word_1_9' title='bbox 1579 493 1740 565; x_wconf 82' lang='lat' dir='ltr'><strong>quae</strong></span> <span class='ocrx_word' id='word_1_10' title='bbox 1783 470 1858 539; x_wconf 89' lang='lat' dir='ltr'><strong>in</strong></span> <span class='ocrx_word' id='word_1_11' title='bbox 1901 492 2196 541; x_wconf 83' lang='lat' dir='ltr'><strong>manum</strong></span> <span class='ocrx_word' id='word_1_12' title='bbox 2237 494 2501 541; x_wconf 79' lang='lat' dir='ltr'><strong>conve-</strong></span> 
     </span>
     <span class='ocr_line' id='line_1_3' title="bbox 374 578 2507 675; baseline -0.002 -22"><span class='ocrx_word' id='word_1_13' title='bbox 374 595 681 667; x_wconf 76' lang='lat' dir='ltr'><strong>nerunt3</strong></span> <span class='ocrx_word' id='word_1_14' title='bbox 716 581 969 666; x_wconf 84' lang='lat' dir='ltr'><strong>altera,</strong></span> <span class='ocrx_word' id='word_1_15' title='bbox 1004 604 1249 651; x_wconf 85' lang='lat' dir='ltr'><strong>earum</strong></span> <span class='ocrx_word' id='word_1_16' title='bbox 1273 633 1292 666; x_wconf 93' lang='lat'>,</span> <span class='ocrx_word' id='word_1_17' title='bbox 1328 602 1487 675; x_wconf 84' lang='lat' dir='ltr'><strong>quae</strong></span> <span class='ocrx_word' id='word_1_18' title='bbox 1531 578 2036 649; x_wconf 85' lang='lat' dir='ltr'><strong>tantummodo</strong></span> <span class='ocrx_word' id='word_1_19' title='bbox 2071 602 2332 651; x_wconf 84' lang='lat' dir='ltr'><strong>uxores</strong></span> <span class='ocrx_word' id='word_1_20' title='bbox 2383 578 2507 649; x_wconf 82' lang='lat' dir='ltr'><strong>ha-</strong></span> 
     </span>
     <span class='ocr_line' id='line_1_4' title="bbox 374 686 2506 787; baseline -0.003 -23"><span class='ocrx_word' id='word_1_21' title='bbox 374 692 643 764; x_wconf 86' lang='lat' dir='ltr'><strong>bentur</strong></span> <span class='ocrx_word' id='word_1_22' title='bbox 682 718 697 761; x_wconf 90' lang='lat'><strong>:</strong></span> <span class='ocrx_word' id='word_1_23' title='bbox 744 715 889 787; x_wconf 84' lang='lat' dir='ltr'><strong>qua</strong></span> <span class='ocrx_word' id='word_1_24' title='bbox 924 691 999 760; x_wconf 91' lang='lat' dir='ltr'><strong>in</strong></span> <span class='ocrx_word' id='word_1_25' title='bbox 1038 704 1239 786; x_wconf 84' lang='lat' dir='ltr'><strong>parte</strong></span> <span class='ocrx_word' id='word_1_26' title='bbox 1283 714 1512 786; x_wconf 89' lang='lat' dir='ltr'><strong>quum</strong></span> <span class='ocrx_word' id='word_1_27' title='bbox 1551 687 1766 760; x_wconf 87' lang='lat' dir='ltr'><strong>fuerit</strong></span> <span class='ocrx_word' id='word_1_28' title='bbox 1798 686 2046 776; x_wconf 86' lang='lat' dir='ltr'><strong>Fabia,</strong></span> <span class='ocrx_word' id='word_1_29' title='bbox 2088 686 2398 786; x_wconf 83' lang='lat' dir='ltr'><strong>legatum</strong></span> <span class='ocrx_word' id='word_1_30' title='bbox 2437 689 2506 758; x_wconf 90' lang='lat' dir='ltr'><strong>ei</strong></span> 
     </span>
     <span class='ocr_line' id='line_1_5' title="bbox 376 797 2502 886; baseline -0.002 -13"><span class='ocrx_word' id='word_1_31' title='bbox 376 828 528 874; x_wconf 85' lang='lat' dir='ltr'><strong>non</strong></span> <span class='ocrx_word' id='word_1_32' title='bbox 564 800 872 873; x_wconf 84' lang='lat' dir='ltr'><strong>videtur.</strong></span> <span class='ocrx_word' id='word_1_33' title='bbox 914 804 969 871; x_wconf 79' lang='lat' dir='ltr'><strong>A</strong></span> <span class='ocrx_word' id='word_1_34' title='bbox 997 798 1461 871; x_wconf 77' lang='lat' dir='ltr'><strong>similitudine</strong></span> <span class='ocrx_word' id='word_1_35' title='bbox 1485 854 1504 886; x_wconf 90' lang='lat'><strong>,</strong></span> <span class='ocrx_word' id='word_1_36' title='bbox 1540 800 1684 871; x_wconf 93' lang='lat' dir='ltr'><strong>hoc</strong></span> <span class='ocrx_word' id='word_1_37' title='bbox 1711 798 1932 869; x_wconf 89' lang='lat' dir='ltr'><strong>modo</strong></span> <span class='ocrx_word' id='word_1_38' title='bbox 1967 824 1982 866; x_wconf 91' lang='lat'><strong>:</strong></span> <span class='ocrx_word' id='word_1_39' title='bbox 2023 828 2056 861; x_wconf 73' lang='grc' dir='ltr'><strong>ιι</strong></span> <span class='ocrx_word' id='word_1_40' title='bbox 2085 802 2156 869; x_wconf 89' lang='lat' dir='ltr'><strong>Si</strong></span> <span class='ocrx_word' id='word_1_41' title='bbox 2183 797 2366 871; x_wconf 83' lang='lat' dir='ltr'><strong>aedes</strong></span> <span class='ocrx_word' id='word_1_42' title='bbox 2405 822 2502 869; x_wconf 81' lang='lat' dir='ltr'><strong>eoe</strong></span> 
     </span>
     <span class='ocr_line' id='line_1_6' title="bbox 376 906 2504 1007; baseline -0.001 -24"><span class='ocrx_word' id='word_1_43' title='bbox 376 925 851 995; x_wconf 87' lang='lat' dir='ltr'><strong>corruerunt,</strong></span> <span class='ocrx_word' id='word_1_44' title='bbox 892 910 1239 981; x_wconf 81' lang='lat' dir='ltr'><strong>vitiumve</strong></span> <span class='ocrx_word' id='word_1_45' title='bbox 1280 908 1650 994; x_wconf 74' lang='lat' dir='ltr'><strong>iecerunt,</strong></span> <span class='ocrx_word' id='word_1_46' title='bbox 1701 934 2011 1007; x_wconf 85' lang='lat' dir='ltr'><strong>quarum</strong></span> <span class='ocrx_word' id='word_1_47' title='bbox 2053 906 2504 981; x_wconf 83' lang='lat' dir='ltr'><strong>ususfructus</strong></span> 
     </span>
     <span class='ocr_line' id='line_1_7' title="bbox 376 1018 2503 1119; baseline -0.002 -26"><span class='ocrx_word' id='word_1_48' title='bbox 376 1021 651 1119; x_wconf 85' lang='lat' dir='ltr'><strong>legatus</strong></span> <span class='ocrx_word' id='word_1_49' title='bbox 685 1035 792 1093; x_wconf 89' lang='lat' dir='ltr'><strong>est</strong></span> <span class='ocrx_word' id='word_1_50' title='bbox 813 1073 833 1105; x_wconf 87' lang='lat'>‚</span> <span class='ocrx_word' id='word_1_51' title='bbox 874 1019 1083 1091; x_wconf 86' lang='lat' dir='ltr'><strong>heres</strong></span> <span class='ocrx_word' id='word_1_52' title='bbox 1112 1021 1489 1091; x_wconf 83' lang='lat' dir='ltr'><strong>restituere</strong></span> <span class='ocrx_word' id='word_1_53' title='bbox 1517 1044 1668 1091; x_wconf 88' lang='lat' dir='ltr'><strong>nou</strong></span> <span class='ocrx_word' id='word_1_54' title='bbox 1697 1018 1950 1105; x_wconf 87' lang='lat' dir='ltr'><strong>debet,</strong></span> <span class='ocrx_word' id='word_1_55' title='bbox 1993 1044 2132 1092; x_wconf 87' lang='lat' dir='ltr'><strong>nec</strong></span> <span class='ocrx_word' id='word_1_56' title='bbox 2172 1018 2503 1117; x_wconf 77' lang='lat' dir='ltr'><strong>reficere,</strong></span> 
     </span>
     <span class='ocr_line' id='line_1_8' title="bbox 374 1130 2506 1227; baseline -0.001 -26"><span class='ocrx_word' id='word_1_57' title='bbox 374 1156 525 1201; x_wconf 88' lang='lat' dir='ltr'><strong>non</strong></span> <span class='ocrx_word' id='word_1_58' title='bbox 554 1132 814 1227; x_wconf 79' lang='lat' dir='ltr'><strong>magiS‚</strong></span> <span class='ocrx_word' id='word_1_59' title='bbox 848 1154 1067 1225; x_wconf 84' lang='lat' dir='ltr'><strong>quam</strong></span> <span class='ocrx_word' id='word_1_60' title='bbox 1097 1154 1381 1201; x_wconf 88' lang='lat' dir='ltr'><strong>servum</strong></span> <span class='ocrx_word' id='word_1_61' title='bbox 1412 1133 1788 1200; x_wconf 86' lang='lat' dir='ltr'><strong>restituere</strong></span> <span class='ocrx_word' id='word_1_62' title='bbox 1809 1183 1828 1214; x_wconf 92' lang='lat'>‚</span> <span class='ocrx_word' id='word_1_63' title='bbox 1865 1130 1924 1199; x_wconf 85' lang='lat' dir='ltr'><strong>si</strong></span> <span class='ocrx_word' id='word_1_64' title='bbox 1947 1130 2036 1216; x_wconf 88' lang='lat' dir='ltr'><strong>is,</strong></span> <span class='ocrx_word' id='word_1_65' title='bbox 2072 1130 2284 1225; x_wconf 86' lang='lat' dir='ltr'><strong>cujus</strong></span> <span class='ocrx_word' id='word_1_66' title='bbox 2309 1154 2506 1204; x_wconf 88' lang='lat' dir='ltr'><strong>usus-</strong></span> 
     </span>
     <span class='ocr_line' id='line_1_9' title="bbox 374 1234 2508 1337; baseline -0.003 -26"><span class='ocrx_word' id='word_1_67' title='bbox 374 1238 649 1311; x_wconf 82' lang='lat' dir='ltr'><strong>fructus</strong></span> <span class='ocrx_word' id='word_1_68' title='bbox 674 1240 945 1337; x_wconf 84' lang='lat' dir='ltr'><strong>legatus</strong></span> <span class='ocrx_word' id='word_1_69' title='bbox 968 1254 1097 1325; x_wconf 86' lang='lat' dir='ltr'><strong>est,</strong></span> <span class='ocrx_word' id='word_1_70' title='bbox 1116 1234 1511 1336; x_wconf 88' lang='lat' dir='ltr'><strong>deperisset</strong></span> <span class='ocrx_word' id='word_1_71' title='bbox 1529 1272 1584 1307; x_wconf 71' lang='lat' dir='ltr'><strong>n.</strong></span> <span class='ocrx_word' id='word_1_72' title='bbox 1615 1242 1674 1309; x_wconf 88' lang='lat' dir='ltr'><strong>A</strong></span> <span class='ocrx_word' id='word_1_73' title='bbox 1702 1235 2147 1313; x_wconf 83' lang='lat' dir='ltr'><strong>differentia:</strong></span> <span class='ocrx_word' id='word_1_74' title='bbox 2177 1242 2422 1327; x_wconf 75' lang='lat' dir='ltr'><strong>«Non,</strong></span> <span class='ocrx_word' id='word_1_75' title='bbox 2446 1238 2508 1309; x_wconf 86' lang='lat' dir='ltr'><strong>si</strong></span> 
     </span>
     <span class='ocr_line' id='line_1_10' title="bbox 373 1345 2502 1447; baseline -0.001 -28"><span class='ocrx_word' id='word_1_76' title='bbox 373 1354 583 1419; x_wconf 86' lang='lat' dir='ltr'><strong>uxori</strong></span> <span class='ocrx_word' id='word_1_77' title='bbox 620 1353 727 1420; x_wconf 86' lang='lat' dir='ltr'><strong>vir</strong></span> <span class='ocrx_word' id='word_1_78' title='bbox 767 1350 1026 1447; x_wconf 82' lang='lat' dir='ltr'><strong>legavit</strong></span> <span class='ocrx_word' id='word_1_79' title='bbox 1064 1373 1283 1420; x_wconf 89' lang='lat' dir='ltr'><strong>omne</strong></span> <span class='ocrx_word' id='word_1_80' title='bbox 1328 1362 1708 1446; x_wconf 79' lang='lat' dir='ltr'><strong>argentum</strong></span> <span class='ocrx_word' id='word_1_81' title='bbox 1733 1401 1753 1433; x_wconf 89' lang='lat'>‚</span> <span class='ocrx_word' id='word_1_82' title='bbox 1790 1345 1990 1445; x_wconf 90' lang='lat' dir='ltr'><strong>quod</strong></span> <span class='ocrx_word' id='word_1_83' title='bbox 2033 1370 2244 1418; x_wconf 88' lang='lat' dir='ltr'><strong>suum</strong></span> <span class='ocrx_word' id='word_1_84' title='bbox 2287 1360 2502 1432; x_wconf 89' lang='lat' dir='ltr'><strong>esset,</strong></span> 
     </span>
     <span class='ocr_line' id='line_1_11' title="bbox 374 1457 2508 1557; baseline -0.001 -28"><span class='ocrx_word' id='word_1_85' title='bbox 374 1458 667 1546; x_wconf 88' lang='lat' dir='ltr'><strong>idcirc0‚</strong></span> <span class='ocrx_word' id='word_1_86' title='bbox 693 1483 855 1557; x_wconf 86' lang='lat' dir='ltr'><strong>quae</strong></span> <span class='ocrx_word' id='word_1_87' title='bbox 886 1463 959 1530; x_wconf 89' lang='lat' dir='ltr'><strong>in</strong></span> <span class='ocrx_word' id='word_1_88' title='bbox 988 1457 1405 1531; x_wconf 88' lang='lat' dir='ltr'><strong>nominibus</strong></span> <span class='ocrx_word' id='word_1_89' title='bbox 1442 1457 1774 1547; x_wconf 86' lang='lat' dir='ltr'><strong>fuerunt,</strong></span> <span class='ocrx_word' id='word_1_90' title='bbox 1810 1458 2040 1555; x_wconf 87' lang='lat' dir='ltr'><strong>legata</strong></span> <span class='ocrx_word' id='word_1_91' title='bbox 2075 1472 2242 1531; x_wconf 87' lang='lat' dir='ltr'><strong>sunt</strong></span> <span class='ocrx_word' id='word_1_92' title='bbox 2272 1485 2287 1527; x_wconf 92' lang='lat'>:</span> <span class='ocrx_word' id='word_1_93' title='bbox 2327 1457 2508 1527; x_wconf 89' lang='lat' dir='ltr'><strong>mul-</strong></span> 
     </span>
     <span class='ocr_line' id='line_1_12' title="bbox 376 1567 2505 1668; baseline -0.001 -29"><span class='ocrx_word' id='word_1_94' title='bbox 376 1584 529 1639; x_wconf 85' lang='lat' dir='ltr'><strong>tum</strong></span> <span class='ocrx_word' id='word_1_95' title='bbox 572 1571 765 1639; x_wconf 90' lang='lat' dir='ltr'><strong>enim</strong></span> <span class='ocrx_word' id='word_1_96' title='bbox 816 1567 1100 1657; x_wconf 86' lang='lat' dir='ltr'><strong>differt,</strong></span> <span class='ocrx_word' id='word_1_97' title='bbox 1160 1570 1232 1641; x_wconf 90' lang='lat' dir='ltr'><strong>in</strong></span> <span class='ocrx_word' id='word_1_98' title='bbox 1284 1593 1549 1641; x_wconf 85' lang='lat' dir='ltr'><strong>arcane</strong></span> <span class='ocrx_word' id='word_1_99' title='bbox 1595 1571 1912 1668; x_wconf 88' lang='lat' dir='ltr'><strong>positum</strong></span> <span class='ocrx_word' id='word_1_100' title='bbox 1957 1570 2051 1639; x_wconf 87' lang='lat' dir='ltr'><strong>sit</strong></span> <span class='ocrx_word' id='word_1_101' title='bbox 2093 1582 2505 1667; x_wconf 86' lang='lat' dir='ltr'><strong>argentum,</strong></span> 
     </span>
     <span class='ocr_line' id='line_1_13' title="bbox 374 1676 2504 1766; baseline 0 -17"><span class='ocrx_word' id='word_1_102' title='bbox 374 1704 467 1749; x_wconf 85' lang='lat' dir='ltr'><strong>an</strong></span> <span class='ocrx_word' id='word_1_103' title='bbox 517 1680 592 1749; x_wconf 91' lang='lat' dir='ltr'><strong>in</strong></span> <span class='ocrx_word' id='word_1_104' title='bbox 645 1678 907 1750; x_wconf 83' lang='lat' dir='ltr'><strong>tabulis</strong></span> <span class='ocrx_word' id='word_1_105' title='bbox 960 1676 1364 1753; x_wconf 80' lang='lat' dir='ltr'><strong>debeatur⁸</strong></span> <span class='ocrx_word' id='word_1_106' title='bbox 1394 1710 1447 1752; x_wconf 73' lang='lat' dir='ltr'><strong>n.</strong></span> <span class='ocrx_word' id='word_1_107' title='bbox 1486 1682 1592 1749; x_wconf 77' lang='lat' dir='ltr'><strong>Ex</strong></span> <span class='ocrx_word' id='word_1_108' title='bbox 1633 1681 1996 1751; x_wconf 85' lang='lat' dir='ltr'><strong>contrario</strong></span> <span class='ocrx_word' id='word_1_109' title='bbox 2039 1695 2317 1766; x_wconf 86' lang='lat' dir='ltr'><strong>autem,</strong></span> <span class='ocrx_word' id='word_1_110' title='bbox 2355 1682 2504 1750; x_wconf 85' lang='lat' dir='ltr'><strong>sic:</strong></span> 
     </span>
     <span class='ocr_line' id='line_1_14' title="bbox 373 1787 2503 1877; baseline 0.001 -23"><span class='ocrx_word' id='word_1_111' title='bbox 373 1790 604 1857; x_wconf 74' lang='lat' dir='ltr'><strong>«Nou</strong></span> <span class='ocrx_word' id='word_1_112' title='bbox 673 1787 891 1859; x_wconf 89' lang='lat' dir='ltr'><strong>debet</strong></span> <span class='ocrx_word' id='word_1_113' title='bbox 948 1814 1031 1860; x_wconf 84' lang='lat' dir='ltr'><strong>ea</strong></span> <span class='ocrx_word' id='word_1_114' title='bbox 1084 1790 1383 1877; x_wconf 88' lang='lat' dir='ltr'><strong>mulier,</strong></span> <span class='ocrx_word' id='word_1_115' title='bbox 1441 1791 1560 1860; x_wconf 83' lang='lat' dir='ltr'><strong>cui</strong></span> <span class='ocrx_word' id='word_1_116' title='bbox 1614 1790 1724 1859; x_wconf 83' lang='lat' dir='ltr'><strong>vir</strong></span> <span class='ocrx_word' id='word_1_117' title='bbox 1773 1788 2144 1868; x_wconf 85' lang='lat' dir='ltr'><strong>bonorum</strong></span> <span class='ocrx_word' id='word_1_118' title='bbox 2208 1812 2503 1860; x_wconf 89' lang='lat' dir='ltr'><strong>suorum</strong></span> 
     </span>
     <span class='ocr_line' id='line_1_15' title="bbox 376 1895 2505 1997; baseline 0.001 -30"><span class='ocrx_word' id='word_1_119' title='bbox 376 1895 907 1969; x_wconf 87' lang='lat' dir='ltr'><strong>usumfructum</strong></span> <span class='ocrx_word' id='word_1_120' title='bbox 938 1898 1195 1995; x_wconf 85' lang='lat' dir='ltr'><strong>legavit</strong></span> <span class='ocrx_word' id='word_1_121' title='bbox 1218 1954 1237 1987; x_wconf 93' lang='lat'>,</span> <span class='ocrx_word' id='word_1_122' title='bbox 1274 1900 1469 1971; x_wconf 89' lang='lat' dir='ltr'><strong>cellis</strong></span> <span class='ocrx_word' id='word_1_123' title='bbox 1497 1900 1784 1970; x_wconf 87' lang='lat' dir='ltr'><strong>vinariis</strong></span> <span class='ocrx_word' id='word_1_124' title='bbox 1817 1913 1891 1970; x_wconf 92' lang='lat' dir='ltr'><strong>et</strong></span> <span class='ocrx_word' id='word_1_125' title='bbox 1923 1898 2240 1969; x_wconf 86' lang='lat' dir='ltr'><strong>oleariis9</strong></span> <span class='ocrx_word' id='word_1_126' title='bbox 2273 1898 2505 1997; x_wconf 87' lang='lat' dir='ltr'><strong>plenis</strong></span> 
     </span>
     <span class='ocr_line' id='line_1_16' title="bbox 376 2009 2501 2107; baseline -0 -27"><span class='ocrx_word' id='word_1_127' title='bbox 376 2009 681 2097; x_wconf 84' lang='lat' dir='ltr'><strong>relictis,</strong></span> <span class='ocrx_word' id='word_1_128' title='bbox 722 2024 981 2105; x_wconf 88' lang='lat' dir='ltr'><strong>putare</strong></span> <span class='ocrx_word' id='word_1_129' title='bbox 1026 2009 1096 2080; x_wconf 88' lang='lat' dir='ltr'><strong>id</strong></span> <span class='ocrx_word' id='word_1_130' title='bbox 1135 2010 1222 2081; x_wconf 84' lang='lat' dir='ltr'><strong>ad</strong></span> <span class='ocrx_word' id='word_1_131' title='bbox 1278 2034 1355 2081; x_wconf 90' lang='lat' dir='ltr'><strong>se</strong></span> <span class='ocrx_word' id='word_1_132' title='bbox 1412 2012 1817 2107; x_wconf 82' lang='lat' dir='ltr'><strong>pertinere3</strong></span> <span class='ocrx_word' id='word_1_133' title='bbox 1855 2032 2029 2079; x_wconf 90' lang='lat' dir='ltr'><strong>usus</strong></span> <span class='ocrx_word' id='word_1_134' title='bbox 2078 2011 2304 2092; x_wconf 79' lang='lat' dir='ltr'><strong>enim,</strong></span> <span class='ocrx_word' id='word_1_135' title='bbox 2353 2035 2501 2080; x_wconf 87' lang='lat' dir='ltr'><strong>non</strong></span> 
     </span>
     <span class='ocr_line' id='line_1_17' title="bbox 378 2119 2285 2219; baseline -0.002 -28"><span class='ocrx_word' id='word_1_136' title='bbox 378 2119 643 2191; x_wconf 84' lang='lat' dir='ltr'><strong>abusus</strong></span> <span class='ocrx_word' id='word_1_137' title='bbox 686 2121 959 2219; x_wconf 84' lang='lat' dir='ltr'><strong>legatus</strong></span> <span class='ocrx_word' id='word_1_138' title='bbox 1002 2134 1107 2191; x_wconf 86' lang='lat' dir='ltr'><strong>est</strong></span> <span class='ocrx_word' id='word_1_139' title='bbox 1138 2148 1155 2190; x_wconf 74' lang='grc' dir='ltr'><strong><em>ε</em></strong></span> <span class='ocrx_word' id='word_1_140' title='bbox 1194 2147 1277 2193; x_wconf 86' lang='lat' dir='ltr'><strong>ea</strong></span> <span class='ocrx_word' id='word_1_141' title='bbox 1312 2136 1481 2192; x_wconf 83' lang='lat' dir='ltr'><strong>sunt</strong></span> <span class='ocrx_word' id='word_1_142' title='bbox 1517 2123 1706 2191; x_wconf 89' lang='lat' dir='ltr'><strong>inter</strong></span> <span class='ocrx_word' id='word_1_143' title='bbox 1738 2145 1812 2191; x_wconf 92' lang='lat' dir='ltr'><strong>se</strong></span> <span class='ocrx_word' id='word_1_144' title='bbox 1849 2120 2201 2189; x_wconf 83' lang='lat' dir='ltr'><strong>contraria</strong></span> <span class='ocrx_word' id='word_1_145' title='bbox 2231 2148 2285 2187; x_wconf 68' lang='lat' dir='ltr'><strong>a».</strong></span> 
     </span>
    </p>
   </div>
   <div class='ocr_carea' id='block_1_3' title="bbox 374 2341 1400 4146">
    <p class='ocr_par' dir='ltr' id='par_1_3' title="bbox 374 2341 1400 4146">
     <span class='ocr_line' id='line_1_18' title="bbox 374 2341 1397 2410; baseline 0.001 -17"><span class='ocrx_word' id='word_1_146' title='bbox 374 2346 481 2393; x_wconf 86' lang='lat' dir='ltr'><strong>Usu</strong></span> <span class='ocrx_word' id='word_1_147' title='bbox 510 2341 657 2394; x_wconf 77' lang='lat' dir='ltr'><strong>fiebat</strong></span> <span class='ocrx_word' id='word_1_148' title='bbox 682 2345 1075 2406; x_wconf 79' lang='lat' dir='ltr'><strong>matrimonium,</strong></span> <span class='ocrx_word' id='word_1_149' title='bbox 1098 2361 1249 2410; x_wconf 85' lang='lat' dir='ltr'><strong>quum</strong></span> <span class='ocrx_word' id='word_1_150' title='bbox 1274 2359 1397 2394; x_wconf 85' lang='lat' dir='ltr'><strong>uxo·</strong></span> 
     </span>
     <span class='ocr_line' id='line_1_19' title="bbox 376 2425 1398 2489; baseline 0.001 -19"><span class='ocrx_word' id='word_1_151' title='bbox 376 2425 443 2472; x_wconf 88' lang='lat' dir='ltr'><strong>ris</strong></span> <span class='ocrx_word' id='word_1_152' title='bbox 461 2437 509 2473; x_wconf 81' lang='lat' dir='ltr'><strong>et</strong></span> <span class='ocrx_word' id='word_1_153' title='bbox 526 2427 683 2474; x_wconf 75' lang='lat' dir='ltr'><strong>mariti</strong></span> <span class='ocrx_word' id='word_1_154' title='bbox 702 2425 959 2474; x_wconf 56' lang='lat' dir='ltr'><strong>convictus</strong></span> <span class='ocrx_word' id='word_1_155' title='bbox 974 2441 1063 2489; x_wconf 82' lang='lat' dir='ltr'><strong>per</strong></span> <span class='ocrx_word' id='word_1_156' title='bbox 1080 2439 1263 2474; x_wconf 84' lang='lat' dir='ltr'><strong>anuum</strong></span> <span class='ocrx_word' id='word_1_157' title='bbox 1280 2441 1398 2472; x_wconf 86' lang='lat' dir='ltr'><strong>eon-</strong></span> 
     </span>
     <span class='ocr_line' id='line_1_20' title="bbox 375 2503 1397 2568; baseline -0.001 -16"><span class='ocrx_word' id='word_1_158' title='bbox 375 2514 509 2552; x_wconf 87' lang='lat' dir='ltr'><strong>stans</strong></span> <span class='ocrx_word' id='word_1_159' title='bbox 522 2515 571 2553; x_wconf 87' lang='lat' dir='ltr'><strong>et</strong></span> <span class='ocrx_word' id='word_1_160' title='bbox 588 2505 776 2554; x_wconf 86' lang='lat' dir='ltr'><strong>stabilis</strong></span> <span class='ocrx_word' id='word_1_161' title='bbox 788 2505 967 2563; x_wconf 81' lang='lat' dir='ltr'><strong>suerat,</strong></span> <span class='ocrx_word' id='word_1_162' title='bbox 987 2515 1187 2568; x_wconf 85' lang='lat' dir='ltr'><strong>tumque</strong></span> <span class='ocrx_word' id='word_1_163' title='bbox 1204 2503 1397 2552; x_wconf 87' lang='lat' dir='ltr'><strong>diceba-</strong></span> 
     </span>
     <span class='ocr_line' id='line_1_21' title="bbox 374 2581 1395 2650; baseline -0.002 -18"><span class='ocrx_word' id='word_1_164' title='bbox 374 2592 457 2632; x_wconf 82' lang='lat' dir='ltr'><strong>tur</strong></span> <span class='ocrx_word' id='word_1_165' title='bbox 482 2599 610 2632; x_wconf 85' lang='lat' dir='ltr'><strong>uxor</strong></span> <span class='ocrx_word' id='word_1_166' title='bbox 630 2595 879 2650; x_wconf 86' lang='lat' dir='ltr'><strong>usucapta.</strong></span> <span class='ocrx_word' id='word_1_167' title='bbox 900 2587 1121 2648; x_wconf 85' lang='lat' dir='ltr'><strong>Denique</strong></span> <span class='ocrx_word' id='word_1_168' title='bbox 1150 2581 1395 2648; x_wconf 80' lang='lat' dir='ltr'><strong>coemptio</strong></span> 
     </span>
     <span class='ocr_line' id='line_1_22' title="bbox 376 2659 1393 2727; baseline 0.001 -17"><span class='ocrx_word' id='word_1_169' title='bbox 376 2665 521 2710; x_wconf 76' lang='lat' dir='ltr'><strong>certis</strong></span> <span class='ocrx_word' id='word_1_170' title='bbox 550 2664 937 2713; x_wconf 77' lang='lat' dir='ltr'><strong>solemnitatibus</strong></span> <span class='ocrx_word' id='word_1_171' title='bbox 966 2659 1303 2727; x_wconf 80' lang='lat' dir='ltr'><strong>peragebatur,</strong></span> <span class='ocrx_word' id='word_1_172' title='bbox 1343 2674 1393 2711; x_wconf 85' lang='lat' dir='ltr'><strong>et</strong></span> 
     </span>
     <span class='ocr_line' id='line_1_23' title="bbox 374 2741 1393 2802; baseline -0.002 -14"><span class='ocrx_word' id='word_1_173' title='bbox 374 2756 479 2788; x_wconf 91' lang='lat' dir='ltr'><strong>sese</strong></span> <span class='ocrx_word' id='word_1_174' title='bbox 504 2741 557 2788; x_wconf 85' lang='lat' dir='ltr'><strong>in</strong></span> <span class='ocrx_word' id='word_1_175' title='bbox 589 2741 857 2789; x_wconf 83' lang='lat' dir='ltr'><strong>coemendo</strong></span> <span class='ocrx_word' id='word_1_176' title='bbox 886 2741 1097 2788; x_wconf 78' lang='lat' dir='ltr'><strong>invicem</strong></span> <span class='ocrx_word' id='word_1_177' title='bbox 1124 2741 1393 2802; x_wconf 74' lang='lat' dir='ltr'><strong>interroga-</strong></span> 
     </span>
     <span class='ocr_line' id='line_1_24' title="bbox 376 2819 1391 2868; baseline -0.002 -1"><span class='ocrx_word' id='word_1_178' title='bbox 376 2819 511 2868; x_wconf 83' lang='lat' dir='ltr'><strong>bant.</strong></span> <span class='ocrx_word' id='word_1_179' title='bbox 538 2821 629 2867; x_wconf 83' lang='lat' dir='ltr'><strong>Vir</strong></span> <span class='ocrx_word' id='word_1_180' title='bbox 652 2821 717 2867; x_wconf 84' lang='lat' dir='ltr'><strong>ita</strong></span> <span class='ocrx_word' id='word_1_181' title='bbox 743 2831 807 2868; x_wconf 74' lang='lat' dir='ltr'><strong>au</strong></span> <span class='ocrx_word' id='word_1_182' title='bbox 839 2820 936 2868; x_wconf 84' lang='lat' dir='ltr'><strong>sibi</strong></span> <span class='ocrx_word' id='word_1_183' title='bbox 966 2820 1141 2868; x_wconf 88' lang='lat' dir='ltr'><strong>mulier</strong></span> <span class='ocrx_word' id='word_1_184' title='bbox 1170 2819 1391 2866; x_wconf 75' lang='lat' dir='ltr'><strong>materfa-</strong></span> 
     </span>
     <span class='ocr_line' id='line_1_25' title="bbox 376 2893 1389 2963; baseline -0.002 -18"><span class='ocrx_word' id='word_1_185' title='bbox 376 2899 531 2945; x_wconf 83' lang='lat' dir='ltr'><strong>milias</strong></span> <span class='ocrx_word' id='word_1_186' title='bbox 564 2913 669 2946; x_wconf 74' lang='lat' dir='ltr'><strong>ease</strong></span> <span class='ocrx_word' id='word_1_187' title='bbox 703 2893 865 2948; x_wconf 78' lang='lat' dir='ltr'><strong>vellet.</strong></span> <span class='ocrx_word' id='word_1_188' title='bbox 907 2899 994 2946; x_wconf 85' lang='lat' dir='ltr'><strong>Illa</strong></span> <span class='ocrx_word' id='word_1_189' title='bbox 1034 2896 1389 2963; x_wconf 80' lang='lat' dir='ltr'><strong>respondebat,</strong></span> 
     </span>
     <span class='ocr_line' id='line_1_26' title="bbox 377 2975 1391 3040; baseline 0 -18"><span class='ocrx_word' id='word_1_190' title='bbox 377 2975 516 3023; x_wconf 78' lang='lat' dir='ltr'><strong>velle.</strong></span> <span class='ocrx_word' id='word_1_191' title='bbox 558 2979 681 3024; x_wconf 87' lang='lat' dir='ltr'><strong>Item</strong></span> <span class='ocrx_word' id='word_1_192' title='bbox 725 2976 896 3023; x_wconf 86' lang='lat' dir='ltr'><strong>mulier</strong></span> <span class='ocrx_word' id='word_1_193' title='bbox 934 2977 1291 3040; x_wconf 78' lang='lat' dir='ltr'><strong>interrogabat,</strong></span> <span class='ocrx_word' id='word_1_194' title='bbox 1328 2991 1391 3022; x_wconf 85' lang='lat' dir='ltr'><strong>an</strong></span> 
     </span>
     <span class='ocr_line' id='line_1_27' title="bbox 374 3053 1393 3118; baseline 0 -18"><span class='ocrx_word' id='word_1_195' title='bbox 374 3055 453 3100; x_wconf 75' lang='lat' dir='ltr'><strong>vir</strong></span> <span class='ocrx_word' id='word_1_196' title='bbox 477 3054 569 3102; x_wconf 81' lang='lat' dir='ltr'><strong>sibi</strong></span> <span class='ocrx_word' id='word_1_197' title='bbox 598 3053 943 3118; x_wconf 70' lang='lat' dir='ltr'><strong>paterfamilias</strong></span> <span class='ocrx_word' id='word_1_198' title='bbox 971 3071 1073 3102; x_wconf 86' lang='lat' dir='ltr'><strong>esse</strong></span> <span class='ocrx_word' id='word_1_199' title='bbox 1099 3054 1247 3102; x_wconf 75' lang='lat' dir='ltr'><strong>vellet</strong></span> <span class='ocrx_word' id='word_1_200' title='bbox 1269 3069 1283 3101; x_wconf 90' lang='lat'>:</span> <span class='ocrx_word' id='word_1_201' title='bbox 1312 3053 1393 3100; x_wconf 86' lang='lat' dir='ltr'><strong>ille</strong></span> 
     </span>
     <span class='ocr_line' id='line_1_28' title="bbox 376 3132 1393 3197; baseline -0.002 -16"><span class='ocrx_word' id='word_1_202' title='bbox 376 3132 724 3197; x_wconf 74' lang='lat' dir='ltr'><strong>respondebat,</strong></span> <span class='ocrx_word' id='word_1_203' title='bbox 750 3132 889 3180; x_wconf 76' lang='lat' dir='ltr'><strong>velle.</strong></span> <span class='ocrx_word' id='word_1_204' title='bbox 916 3135 1087 3195; x_wconf 84' lang='lat' dir='ltr'><strong>Itaque</strong></span> <span class='ocrx_word' id='word_1_205' title='bbox 1112 3134 1286 3181; x_wconf 85' lang='lat' dir='ltr'><strong>mulier</strong></span> <span class='ocrx_word' id='word_1_206' title='bbox 1301 3132 1393 3181; x_wconf 81' lang='lat' dir='ltr'><strong>viri</strong></span> 
     </span>
     <span class='ocr_line' id='line_1_29' title="bbox 378 3212 1395 3267; baseline -0.001 -8"><span class='ocrx_word' id='word_1_207' title='bbox 378 3212 698 3260; x_wconf 79' lang='lat' dir='ltr'><strong>conveniebat</strong></span> <span class='ocrx_word' id='word_1_208' title='bbox 722 3213 771 3258; x_wconf 88' lang='lat' dir='ltr'><strong>in</strong></span> <span class='ocrx_word' id='word_1_209' title='bbox 790 3226 1006 3267; x_wconf 83' lang='lat' dir='ltr'><strong>manum,</strong></span> <span class='ocrx_word' id='word_1_210' title='bbox 1026 3221 1075 3259; x_wconf 91' lang='lat' dir='ltr'><strong>et</strong></span> <span class='ocrx_word' id='word_1_211' title='bbox 1094 3212 1395 3260; x_wconf 83' lang='lat' dir='ltr'><strong>vocabantur</strong></span> 
     </span>
     <span class='ocr_line' id='line_1_30' title="bbox 375 3289 1393 3356; baseline -0.002 -16"><span class='ocrx_word' id='word_1_212' title='bbox 375 3289 454 3340; x_wconf 75' lang='lat' dir='ltr'><strong>hae</strong></span> <span class='ocrx_word' id='word_1_213' title='bbox 476 3293 660 3355; x_wconf 71' lang='lat' dir='ltr'><strong>uuptioe</strong></span> <span class='ocrx_word' id='word_1_214' title='bbox 689 3307 776 3356; x_wconf 86' lang='lat' dir='ltr'><strong>per</strong></span> <span class='ocrx_word' id='word_1_215' title='bbox 802 3290 1194 3355; x_wconf 79' lang='lat' dir='ltr'><strong>coemptionem3</strong></span> <span class='ocrx_word' id='word_1_216' title='bbox 1222 3291 1358 3355; x_wconf 85' lang='lat' dir='ltr'><strong>quod</strong></span> <span class='ocrx_word' id='word_1_217' title='bbox 1377 3328 1393 3352; x_wconf 87' lang='lat'>,</span> 
     </span>
     <span class='ocr_line' id='line_1_31' title="bbox 376 3370 1393 3430; baseline -0.001 -12"><span class='ocrx_word' id='word_1_218' title='bbox 376 3379 498 3418; x_wconf 77' lang='lat' dir='ltr'><strong>teste</strong></span> <span class='ocrx_word' id='word_1_219' title='bbox 519 3371 764 3430; x_wconf 81' lang='lat' dir='ltr'><strong>Varrone,</strong></span> <span class='ocrx_word' id='word_1_220' title='bbox 794 3370 1019 3418; x_wconf 89' lang='lat' dir='ltr'><strong>mulieres</strong></span> <span class='ocrx_word' id='word_1_221' title='bbox 1054 3386 1207 3418; x_wconf 85' lang='lat' dir='ltr'><strong>assem</strong></span> <span class='ocrx_word' id='word_1_222' title='bbox 1243 3387 1393 3418; x_wconf 85' lang='lat' dir='ltr'><strong>uuum</strong></span> 
     </span>
     <span class='ocr_line' id='line_1_32' title="bbox 374 3449 1393 3513; baseline -0.001 -16"><span class='ocrx_word' id='word_1_223' title='bbox 374 3459 619 3513; x_wconf 86' lang='lat' dir='ltr'><strong>tamquam</strong></span> <span class='ocrx_word' id='word_1_224' title='bbox 639 3449 831 3497; x_wconf 73' lang='lat' dir='ltr'><strong>emendi</strong></span> <span class='ocrx_word' id='word_1_225' title='bbox 848 3464 993 3498; x_wconf 84' lang='lat' dir='ltr'><strong>causa</strong></span> <span class='ocrx_word' id='word_1_226' title='bbox 1012 3449 1189 3498; x_wconf 87' lang='lat' dir='ltr'><strong>marito</strong></span> <span class='ocrx_word' id='word_1_227' title='bbox 1208 3449 1393 3497; x_wconf 82' lang='lat' dir='ltr'><strong>darent.</strong></span> 
     </span>
     <span class='ocr_line' id='line_1_33' title="bbox 374 3529 1394 3592; baseline -0.001 -16"><span class='ocrx_word' id='word_1_228' title='bbox 374 3530 485 3576; x_wconf 84' lang='lat' dir='ltr'><strong>Jam</strong></span> <span class='ocrx_word' id='word_1_229' title='bbox 524 3544 638 3577; x_wconf 81' lang='lat' dir='ltr'><strong>vero</strong></span> <span class='ocrx_word' id='word_1_230' title='bbox 676 3540 730 3576; x_wconf 90' lang='lat' dir='ltr'><strong>ut</strong></span> <span class='ocrx_word' id='word_1_231' title='bbox 766 3529 827 3577; x_wconf 81' lang='lat' dir='ltr'><strong>ad</strong></span> <span class='ocrx_word' id='word_1_232' title='bbox 866 3529 1145 3592; x_wconf 85' lang='lat' dir='ltr'><strong>exemplum</strong></span> <span class='ocrx_word' id='word_1_233' title='bbox 1178 3544 1206 3576; x_wconf 94' lang='lat' dir='ltr'><strong>a</strong></span> <span class='ocrx_word' id='word_1_234' title='bbox 1242 3529 1394 3576; x_wconf 83' lang='lat' dir='ltr'><strong>forma</strong></span> 
     </span>
     <span class='ocr_line' id='line_1_34' title="bbox 374 3609 1396 3672; baseline 0.002 -18"><span class='ocrx_word' id='word_1_235' title='bbox 374 3610 581 3672; x_wconf 83' lang='lat' dir='ltr'><strong>petitum</strong></span> <span class='ocrx_word' id='word_1_236' title='bbox 596 3609 861 3667; x_wconf 83' lang='lat' dir='ltr'><strong>redeamus,</strong></span> <span class='ocrx_word' id='word_1_237' title='bbox 871 3625 999 3658; x_wconf 82' lang='lat' dir='ltr'><strong>uxor</strong></span> <span class='ocrx_word' id='word_1_238' title='bbox 1012 3624 1163 3672; x_wconf 80' lang='lat' dir='ltr'><strong>genus</strong></span> <span class='ocrx_word' id='word_1_239' title='bbox 1179 3619 1271 3670; x_wconf 81' lang='lat' dir='ltr'><strong>est,</strong></span> <span class='ocrx_word' id='word_1_240' title='bbox 1290 3611 1396 3670; x_wconf 80' lang='lat' dir='ltr'><strong>eJ&#39;us</strong></span> 
     </span>
     <span class='ocr_line' id='line_1_35' title="bbox 376 3685 1396 3748; baseline 0.001 -14"><span class='ocrx_word' id='word_1_241' title='bbox 376 3685 487 3734; x_wconf 70' lang='lat' dir='ltr'><strong>duae</strong></span> <span class='ocrx_word' id='word_1_242' title='bbox 524 3687 727 3736; x_wconf 62' lang='lat' dir='ltr'><strong>formast</strong></span> <span class='ocrx_word' id='word_1_243' title='bbox 765 3688 916 3736; x_wconf 86' lang='lat' dir='ltr'><strong>altera</strong></span> <span class='ocrx_word' id='word_1_244' title='bbox 958 3687 1396 3748; x_wconf 68' lang='lat' dir='ltr'><strong>matrumfamilias,</strong></span> 
     </span>
     <span class='ocr_line' id='line_1_36' title="bbox 375 3765 1395 3826; baseline 0.002 -14"><span class='ocrx_word' id='word_1_245' title='bbox 375 3765 527 3812; x_wconf 80' lang='lat' dir='ltr'><strong>altera</strong></span> <span class='ocrx_word' id='word_1_246' title='bbox 564 3781 773 3814; x_wconf 85' lang='lat' dir='ltr'><strong>uxorum</strong></span> <span class='ocrx_word' id='word_1_247' title='bbox 811 3777 1015 3816; x_wconf 86' lang='lat' dir='ltr'><strong>tautum.</strong></span> <span class='ocrx_word' id='word_1_248' title='bbox 1042 3768 1094 3814; x_wconf 78' lang='lat' dir='ltr'><strong>si</strong></span> <span class='ocrx_word' id='word_1_249' title='bbox 1120 3769 1203 3814; x_wconf 87' lang='lat' dir='ltr'><strong>cui</strong></span> <span class='ocrx_word' id='word_1_250' title='bbox 1224 3767 1395 3826; x_wconf 83' lang='lat' dir='ltr'><strong>uxori,</strong></span> 
     </span>
     <span class='ocr_line' id='line_1_37' title="bbox 375 3845 1397 3910; baseline 0.004 -19"><span class='ocrx_word' id='word_1_251' title='bbox 375 3859 487 3909; x_wconf 66' lang='lat' dir='ltr'><strong>quat</strong></span> <span class='ocrx_word' id='word_1_252' title='bbox 506 3854 657 3892; x_wconf 86' lang='lat' dir='ltr'><strong>mater</strong></span> <span class='ocrx_word' id='word_1_253' title='bbox 672 3857 795 3894; x_wconf 80' lang='lat' dir='ltr'><strong>esset</strong></span> <span class='ocrx_word' id='word_1_254' title='bbox 816 3845 945 3893; x_wconf 84' lang='lat' dir='ltr'><strong>famil</strong></span> <span class='ocrx_word' id='word_1_255' title='bbox 952 3847 1045 3907; x_wconf 76' lang='lat' dir='ltr'><strong>ias;</strong></span> <span class='ocrx_word' id='word_1_256' title='bbox 1062 3846 1218 3910; x_wconf 74' lang='lat' dir='ltr'><strong>legata</strong></span> <span class='ocrx_word' id='word_1_257' title='bbox 1236 3847 1299 3895; x_wconf 89' lang='lat' dir='ltr'><strong>sit</strong></span> <span class='ocrx_word' id='word_1_258' title='bbox 1318 3862 1397 3910; x_wconf 83' lang='lat' dir='ltr'><strong>pe·</strong></span> 
     </span>
     <span class='ocr_line' id='line_1_38' title="bbox 377 3924 1400 3985; baseline 0.001 -14"><span class='ocrx_word' id='word_1_259' title='bbox 377 3925 549 3985; x_wconf 82' lang='lat' dir='ltr'><strong>cuuis,</strong></span> <span class='ocrx_word' id='word_1_260' title='bbox 576 3940 603 3971; x_wconf 93' lang='lat' dir='ltr'><strong>a</strong></span> <span class='ocrx_word' id='word_1_261' title='bbox 635 3925 790 3973; x_wconf 84' lang='lat' dir='ltr'><strong>forma</strong></span> <span class='ocrx_word' id='word_1_262' title='bbox 814 3937 945 3974; x_wconf 86' lang='lat' dir='ltr'><strong>recte</strong></span> <span class='ocrx_word' id='word_1_263' title='bbox 965 3925 1305 3985; x_wconf 74' lang='lat' dir='ltr'><strong>concludetur,</strong></span> <span class='ocrx_word' id='word_1_264' title='bbox 1324 3924 1400 3972; x_wconf 87' lang='lat' dir='ltr'><strong>ui-</strong></span> 
     </span>
     <span class='ocr_line' id='line_1_39' title="bbox 376 4003 1399 4068; baseline -0.001 -16"><span class='ocrx_word' id='word_1_265' title='bbox 376 4004 449 4052; x_wconf 85' lang='lat' dir='ltr'><strong>bil</strong></span> <span class='ocrx_word' id='word_1_266' title='bbox 480 4003 524 4050; x_wconf 88' lang='lat' dir='ltr'><strong>ei</strong></span> <span class='ocrx_word' id='word_1_267' title='bbox 550 4005 659 4064; x_wconf 86' lang='lat' dir='ltr'><strong>jure</strong></span> <span class='ocrx_word' id='word_1_268' title='bbox 690 4003 875 4068; x_wconf 83' lang='lat' dir='ltr'><strong>deberi,</strong></span> <span class='ocrx_word' id='word_1_269' title='bbox 910 4021 1021 4068; x_wconf 65' lang='lat' dir='ltr'><strong>qua:</strong></span> <span class='ocrx_word' id='word_1_270' title='bbox 1054 4020 1183 4054; x_wconf 83' lang='lat' dir='ltr'><strong>uxor</strong></span> <span class='ocrx_word' id='word_1_271' title='bbox 1211 4013 1399 4052; x_wconf 82' lang='lat' dir='ltr'><strong>tautum</strong></span> 
     </span>
     <span class='ocr_line' id='line_1_40' title="bbox 378 4083 1398 4146; baseline -0.001 -12"><span class='ocrx_word' id='word_1_272' title='bbox 378 4083 597 4134; x_wconf 77' lang='lat' dir='ltr'><strong>babetur.</strong></span> <span class='ocrx_word' id='word_1_273' title='bbox 624 4085 868 4132; x_wconf 68' lang='lat' dir='ltr'><strong>Pamm—</strong></span> <span class='ocrx_word' id='word_1_274' title='bbox 880 4084 1057 4144; x_wconf 81' lang='lat' dir='ltr'><strong>Gaius,</strong></span> <span class='ocrx_word' id='word_1_275' title='bbox 1078 4087 1119 4143; x_wconf 90' lang='lat'><strong>1,</strong></span> <span class='ocrx_word' id='word_1_276' title='bbox 1142 4085 1235 4133; x_wconf 83' lang='lat' dir='ltr'><strong>ms</strong></span> <span class='ocrx_word' id='word_1_277' title='bbox 1250 4117 1266 4143; x_wconf 78' lang='lat'>,</span> <span class='ocrx_word' id='word_1_278' title='bbox 1288 4100 1398 4146; x_wconf 84' lang='lat' dir='ltr'><strong>sqq.</strong></span> 
     </span>
    </p>
   </div>
   <div class='ocr_carea' id='block_1_4' title="bbox 1478 2343 2509 4146">
    <p class='ocr_par' dir='ltr' id='par_1_4' title="bbox 1485 2343 2507 2646">
     <span class='ocr_line' id='line_1_41' title="bbox 1561 2343 2507 2407; baseline -0.005 -14"><span class='ocrx_word' id='word_1_279' title='bbox 1561 2362 1608 2406; x_wconf 81' lang='lat'><strong>7.</strong></span> <span class='ocrx_word' id='word_1_280' title='bbox 1658 2343 2092 2407; x_wconf 63' lang='lat' dir='ltr'><strong>matrumfamilias</strong></span> <span class='ocrx_word' id='word_1_281' title='bbox 2141 2359 2308 2390; x_wconf 74' lang='lat' dir='ltr'><strong>earum</strong></span> <span class='ocrx_word' id='word_1_282' title='bbox 2320 2377 2338 2401; x_wconf 82' lang='lat'>‚</span> <span class='ocrx_word' id='word_1_283' title='bbox 2379 2357 2507 2405; x_wconf 77' lang='lat' dir='ltr'><strong>quae.</strong></span> 
     </span>
     <span class='ocr_line' id='line_1_42' title="bbox 1485 2421 2506 2487; baseline -0.006 -15"><span class='ocrx_word' id='word_1_284' title='bbox 1485 2425 1793 2484; x_wconf 84' lang='lat' dir='ltr'><strong>Pithoeauus,</strong></span> <span class='ocrx_word' id='word_1_285' title='bbox 1811 2445 1838 2467; x_wconf 71' lang='grc' dir='ltr'><strong>α</strong></span> <span class='ocrx_word' id='word_1_286' title='bbox 1850 2439 1905 2472; x_wconf 88' lang='lat' dir='ltr'><strong>ea</strong></span> <span class='ocrx_word' id='word_1_287' title='bbox 1923 2433 2038 2472; x_wconf 86' lang='lat' dir='ltr'><strong>sunt</strong></span> <span class='ocrx_word' id='word_1_288' title='bbox 2052 2462 2068 2487; x_wconf 84' lang='lat'><em>,</em></span> <span class='ocrx_word' id='word_1_289' title='bbox 2091 2439 2226 2487; x_wconf 71' lang='lat' dir='ltr'><strong>quae,</strong></span> <span class='ocrx_word' id='word_1_290' title='bbox 2251 2431 2345 2469; x_wconf 82' lang='lat' dir='ltr'><strong>etc.</strong></span> <span class='ocrx_word' id='word_1_291' title='bbox 2363 2441 2388 2462; x_wconf 72' lang='lat' dir='ltr'>n</span> <span class='ocrx_word' id='word_1_292' title='bbox 2407 2421 2506 2468; x_wconf 84' lang='lat' dir='ltr'><strong>Pal.</strong></span> 
     </span>
     <span class='ocr_line' id='line_1_43' title="bbox 1488 2503 2507 2568; baseline -0.006 -16"><span class='ocrx_word' id='word_1_293' title='bbox 1488 2524 1512 2546; x_wconf 76' lang='lat' dir='ltr'><strong>c</strong></span> <span class='ocrx_word' id='word_1_294' title='bbox 1533 2503 1640 2552; x_wconf 79' lang='lat' dir='ltr'><strong>haec</strong></span> <span class='ocrx_word' id='word_1_295' title='bbox 1665 2514 1764 2562; x_wconf 84' lang='lat' dir='ltr'><strong>est,</strong></span> <span class='ocrx_word' id='word_1_296' title='bbox 1801 2519 1944 2568; x_wconf 69' lang='lat' dir='ltr'><strong>que,</strong></span> <span class='ocrx_word' id='word_1_297' title='bbox 1992 2513 2084 2551; x_wconf 87' lang='lat' dir='ltr'><strong>etc.</strong></span> <span class='ocrx_word' id='word_1_298' title='bbox 2108 2523 2134 2546; x_wconf 76' lang='grc' dir='ltr'><strong>ιο</strong></span> <span class='ocrx_word' id='word_1_299' title='bbox 2181 2513 2237 2550; x_wconf 84' lang='lat' dir='ltr'><strong>ut</strong></span> <span class='ocrx_word' id='word_1_300' title='bbox 2279 2507 2507 2564; x_wconf 75' lang='lat' dir='ltr'><strong>appareat</strong></span> 
     </span>
     <span class='ocr_line' id='line_1_44' title="bbox 1485 2581 2503 2646; baseline -0.001 -16"><span class='ocrx_word' id='word_1_301' title='bbox 1485 2583 1752 2631; x_wconf 81' lang='lat' dir='ltr'><strong>dictionem</strong></span> <span class='ocrx_word' id='word_1_302' title='bbox 1771 2599 1938 2630; x_wconf 83' lang='lat' dir='ltr'><strong>earum</strong></span> <span class='ocrx_word' id='word_1_303' title='bbox 1963 2599 2066 2630; x_wconf 89' lang='lat' dir='ltr'><strong>esse</strong></span> <span class='ocrx_word' id='word_1_304' title='bbox 2085 2599 2112 2628; x_wconf 87' lang='lat' dir='ltr'><strong>a</strong></span> <span class='ocrx_word' id='word_1_305' title='bbox 2139 2581 2312 2646; x_wconf 73' lang='lat' dir='ltr'><strong>glossa.</strong></span> <span class='ocrx_word' id='word_1_306' title='bbox 2331 2581 2503 2629; x_wconf 59' lang='lat' dir='ltr'><strong>Gauri</strong></span> 
     </span>
    </p>

    <p class='ocr_par' dir='ltr' id='par_1_5' title="bbox 1478 2659 2508 3263">
     <span class='ocr_line' id='line_1_45' title="bbox 1559 2659 2508 2710; baseline -0.004 -2"><span class='ocrx_word' id='word_1_307' title='bbox 1559 2663 1609 2709; x_wconf 85' lang='lat'><strong>8.</strong></span> <span class='ocrx_word' id='word_1_308' title='bbox 1627 2666 1704 2708; x_wconf 73' lang='lat' dir='ltr'><strong>An</strong></span> <span class='ocrx_word' id='word_1_309' title='bbox 1724 2661 1776 2709; x_wconf 75' lang='lat' dir='ltr'><strong>in</strong></span> <span class='ocrx_word' id='word_1_310' title='bbox 1802 2661 1978 2710; x_wconf 71' lang='lat' dir='ltr'><strong>tabulis</strong></span> <span class='ocrx_word' id='word_1_311' title='bbox 1995 2661 2241 2709; x_wconf 78' lang='lat' dir='ltr'><strong>debeatur.</strong></span> <span class='ocrx_word' id='word_1_312' title='bbox 2259 2659 2508 2706; x_wconf 77' lang='lat' dir='ltr'><strong>Debentur</strong></span> 
     </span>
     <span class='ocr_line' id='line_1_46' title="bbox 1479 2738 2502 2804; baseline -0.003 -16"><span class='ocrx_word' id='word_1_313' title='bbox 1479 2757 1574 2804; x_wconf 85' lang='lat' dir='ltr'><strong>pro</strong></span> <span class='ocrx_word' id='word_1_314' title='bbox 1599 2741 1760 2804; x_wconf 78' lang='lat' dir='ltr'><strong>glossa</strong></span> <span class='ocrx_word' id='word_1_315' title='bbox 1787 2738 1916 2787; x_wconf 80' lang='lat' dir='ltr'><strong>delet</strong></span> <span class='ocrx_word' id='word_1_316' title='bbox 1943 2743 2303 2798; x_wconf 80' lang='lat' dir='ltr'><strong>Hotomanuus,</strong></span> <span class='ocrx_word' id='word_1_317' title='bbox 2321 2738 2442 2786; x_wconf 84' lang='lat' dir='ltr'><strong>Obs.</strong></span> <span class='ocrx_word' id='word_1_318' title='bbox 2462 2739 2502 2794; x_wconf 84' lang='lat' dir='ltr'><strong>t,</strong></span> 
     </span>
     <span class='ocr_line' id='line_1_47' title="bbox 1482 2816 2504 2876; baseline -0.004 -9"><span class='ocrx_word' id='word_1_319' title='bbox 1482 2835 1569 2869; x_wconf 76' lang='lat'><strong>22.</strong></span> <span class='ocrx_word' id='word_1_320' title='bbox 1599 2819 1694 2867; x_wconf 86' lang='lat' dir='ltr'><strong>Sed</strong></span> <span class='ocrx_word' id='word_1_321' title='bbox 1725 2830 1797 2867; x_wconf 87' lang='lat' dir='ltr'><strong>est</strong></span> <span class='ocrx_word' id='word_1_322' title='bbox 1831 2819 1886 2867; x_wconf 84' lang='lat' dir='ltr'><strong>iu</strong></span> <span class='ocrx_word' id='word_1_323' title='bbox 1920 2819 2038 2876; x_wconf 75' lang='lat' dir='ltr'><strong>MS,</strong></span> <span class='ocrx_word' id='word_1_324' title='bbox 2087 2829 2135 2866; x_wconf 91' lang='lat' dir='ltr'><strong>et</strong></span> <span class='ocrx_word' id='word_1_325' title='bbox 2174 2817 2348 2865; x_wconf 84' lang='lat' dir='ltr'><strong>habuit</strong></span> <span class='ocrx_word' id='word_1_326' title='bbox 2380 2816 2504 2864; x_wconf 88' lang='lat' dir='ltr'><strong>liber</strong></span> 
     </span>
     <span class='ocr_line' id='line_1_48' title="bbox 1479 2896 2504 2960; baseline -0.004 -14"><span class='ocrx_word' id='word_1_327' title='bbox 1479 2897 1654 2946; x_wconf 83' lang='lat' dir='ltr'><strong>Boetii.</strong></span> <span class='ocrx_word' id='word_1_328' title='bbox 1687 2897 1822 2946; x_wconf 84' lang='lat' dir='ltr'><strong>Idem</strong></span> <span class='ocrx_word' id='word_1_329' title='bbox 1839 2896 1892 2946; x_wconf 83' lang='lat' dir='ltr'><strong>h.</strong></span> <span class='ocrx_word' id='word_1_330' title='bbox 1906 2897 1944 2946; x_wconf 92' lang='lat'><strong>1.</strong></span> <span class='ocrx_word' id='word_1_331' title='bbox 1963 2897 2202 2960; x_wconf 80' lang='lat' dir='ltr'><strong>disputat,</strong></span> <span class='ocrx_word' id='word_1_332' title='bbox 2220 2897 2504 2944; x_wconf 79' lang='lat' dir='ltr'><strong>Ciceronem</strong></span> 
     </span>
     <span class='ocr_line' id='line_1_49' title="bbox 1478 2974 2502 3024; baseline 0 -2"><span class='ocrx_word' id='word_1_333' title='bbox 1478 2976 1604 3023; x_wconf 84' lang='lat' dir='ltr'><strong>male</strong></span> <span class='ocrx_word' id='word_1_334' title='bbox 1624 2975 1750 3024; x_wconf 84' lang='lat' dir='ltr'><strong>hauc</strong></span> <span class='ocrx_word' id='word_1_335' title='bbox 1775 2991 1874 3023; x_wconf 90' lang='lat' dir='ltr'><strong>rem</strong></span> <span class='ocrx_word' id='word_1_336' title='bbox 1896 2975 1962 3022; x_wconf 86' lang='lat' dir='ltr'><strong>ad</strong></span> <span class='ocrx_word' id='word_1_337' title='bbox 1987 2976 2148 3022; x_wconf 86' lang='lat' dir='ltr'><strong>locum</strong></span> <span class='ocrx_word' id='word_1_338' title='bbox 2175 2991 2204 3023; x_wconf 90' lang='lat' dir='ltr'><strong>a</strong></span> <span class='ocrx_word' id='word_1_339' title='bbox 2232 2974 2502 3022; x_wconf 78' lang='lat' dir='ltr'><strong>differentia</strong></span> 
     </span>
     <span class='ocr_line' id='line_1_50' title="bbox 1480 3055 2504 3119; baseline 0.001 -18"><span class='ocrx_word' id='word_1_340' title='bbox 1480 3055 1702 3102; x_wconf 80' lang='lat' dir='ltr'><strong>retulisse</strong></span> <span class='ocrx_word' id='word_1_341' title='bbox 1718 3091 1734 3117; x_wconf 87' lang='lat'>,</span> <span class='ocrx_word' id='word_1_342' title='bbox 1761 3071 1912 3119; x_wconf 85' lang='lat' dir='ltr'><strong>quum</strong></span> <span class='ocrx_word' id='word_1_343' title='bbox 1939 3056 2177 3118; x_wconf 82' lang='lat' dir='ltr'><strong>pertineat</strong></span> <span class='ocrx_word' id='word_1_344' title='bbox 2199 3055 2262 3102; x_wconf 89' lang='lat' dir='ltr'><strong>ad</strong></span> <span class='ocrx_word' id='word_1_345' title='bbox 2287 3055 2454 3102; x_wconf 84' lang='lat' dir='ltr'><strong>locum</strong></span> <span class='ocrx_word' id='word_1_346' title='bbox 2475 3071 2504 3102; x_wconf 79' lang='lat' dir='ltr'><strong>a</strong></span> 
     </span>
     <span class='ocr_line' id='line_1_51' title="bbox 1483 3131 2508 3198; baseline 0.002 -19"><span class='ocrx_word' id='word_1_347' title='bbox 1483 3131 1786 3182; x_wconf 79' lang='lat' dir='ltr'><strong>defiuitione.</strong></span> <span class='ocrx_word' id='word_1_348' title='bbox 1805 3133 1998 3182; x_wconf 77' lang='lat' dir='ltr'><strong>Adeaut</strong></span> <span class='ocrx_word' id='word_1_349' title='bbox 2013 3134 2199 3198; x_wconf 79' lang='lat' dir='ltr'><strong>ipsum,</strong></span> <span class='ocrx_word' id='word_1_350' title='bbox 2217 3134 2304 3198; x_wconf 83' lang='lat' dir='ltr'><strong>qui</strong></span> <span class='ocrx_word' id='word_1_351' title='bbox 2321 3150 2508 3198; x_wconf 72' lang='lat' dir='ltr'><strong>coguo-</strong></span> 
     </span>
     <span class='ocr_line' id='line_1_52' title="bbox 1482 3213 1976 3263; baseline 0.004 -2"><span class='ocrx_word' id='word_1_352' title='bbox 1482 3229 1617 3262; x_wconf 85' lang='lat' dir='ltr'><strong>scere</strong></span> <span class='ocrx_word' id='word_1_353' title='bbox 1645 3213 1819 3263; x_wconf 79' lang='lat' dir='ltr'><strong>velint.</strong></span> <span class='ocrx_word' id='word_1_354' title='bbox 1847 3215 1976 3263; x_wconf 74' lang='lat' dir='ltr'><strong>Eur.</strong></span> 
     </span>
    </p>

    <p class='ocr_par' dir='ltr' id='par_1_6' title="bbox 1481 3291 2509 4146">
     <span class='ocr_line' id='line_1_53' title="bbox 1557 3291 2504 3356; baseline -0.002 -15"><span class='ocrx_word' id='word_1_355' title='bbox 1557 3309 1605 3356; x_wconf 85' lang='lat'><strong>9.</strong></span> <span class='ocrx_word' id='word_1_356' title='bbox 1633 3293 1776 3342; x_wconf 75' lang='lat' dir='ltr'><strong>cellis</strong></span> <span class='ocrx_word' id='word_1_357' title='bbox 1799 3291 2008 3341; x_wconf 72' lang='lat' dir='ltr'><strong>vinariis</strong></span> <span class='ocrx_word' id='word_1_358' title='bbox 2025 3303 2076 3339; x_wconf 76' lang='lat' dir='ltr'><strong>et</strong></span> <span class='ocrx_word' id='word_1_359' title='bbox 2091 3291 2304 3342; x_wconf 65' lang='lat' dir='ltr'><strong>oleariis.</strong></span> <span class='ocrx_word' id='word_1_360' title='bbox 2327 3295 2504 3342; x_wconf 79' lang='lat' dir='ltr'><strong>Earum</strong></span> 
     </span>
     <span class='ocr_line' id='line_1_54' title="bbox 1481 3384 2506 3438; baseline 0 -18"><span class='ocrx_word' id='word_1_361' title='bbox 1481 3389 1642 3421; x_wconf 84' lang='lat' dir='ltr'><strong>rerum</strong></span> <span class='ocrx_word' id='word_1_362' title='bbox 1679 3389 1790 3438; x_wconf 69' lang='lat' dir='ltr'><strong>quse</strong></span> <span class='ocrx_word' id='word_1_363' title='bbox 1831 3389 1924 3422; x_wconf 85' lang='lat' dir='ltr'><strong>usu</strong></span> <span class='ocrx_word' id='word_1_364' title='bbox 1961 3384 2334 3430; x_wconf 83' lang='lat' dir='ltr'><strong>consumuntur,</strong></span> <span class='ocrx_word' id='word_1_365' title='bbox 2367 3389 2506 3420; x_wconf 85' lang='lat' dir='ltr'><strong>usus-</strong></span> 
     </span>
     <span class='ocr_line' id='line_1_55' title="bbox 1483 3453 2509 3518; baseline 0 -18"><span class='ocrx_word' id='word_1_366' title='bbox 1483 3453 1670 3502; x_wconf 83' lang='lat' dir='ltr'><strong>fructus</strong></span> <span class='ocrx_word' id='word_1_367' title='bbox 1721 3469 1882 3518; x_wconf 83' lang='lat' dir='ltr'><strong>ueque</strong></span> <span class='ocrx_word' id='word_1_368' title='bbox 1935 3464 2124 3501; x_wconf 76' lang='lat' dir='ltr'><strong>uaturae</strong></span> <span class='ocrx_word' id='word_1_369' title='bbox 2165 3453 2274 3514; x_wconf 84' lang='lat' dir='ltr'><strong>jure</strong></span> <span class='ocrx_word' id='word_1_370' title='bbox 2290 3487 2306 3510; x_wconf 84' lang='lat'>‚</span> <span class='ocrx_word' id='word_1_371' title='bbox 2351 3468 2509 3516; x_wconf 86' lang='lat' dir='ltr'><strong>neque</strong></span> 
     </span>
     <span class='ocr_line' id='line_1_56' title="bbox 1482 3529 2505 3596; baseline 0.003 -20"><span class='ocrx_word' id='word_1_372' title='bbox 1482 3545 1602 3577; x_wconf 74' lang='lat' dir='ltr'><strong>vero</strong></span> <span class='ocrx_word' id='word_1_373' title='bbox 1643 3529 1778 3577; x_wconf 83' lang='lat' dir='ltr'><strong>civili</strong></span> <span class='ocrx_word' id='word_1_374' title='bbox 1819 3531 2054 3578; x_wconf 83' lang='lat' dir='ltr'><strong>constitui</strong></span> <span class='ocrx_word' id='word_1_375' title='bbox 2097 3541 2264 3596; x_wconf 78' lang='lat' dir='ltr'><strong>potest</strong></span> <span class='ocrx_word' id='word_1_376' title='bbox 2293 3545 2308 3579; x_wconf 72' lang='grc' dir='ltr'><strong><em>ε</em></strong></span> <span class='ocrx_word' id='word_1_377' title='bbox 2355 3546 2505 3594; x_wconf 83' lang='lat' dir='ltr'><strong>quum</strong></span> 
     </span>
     <span class='ocr_line' id='line_1_57' title="bbox 1483 3608 2506 3667; baseline 0.002 -11"><span class='ocrx_word' id='word_1_378' title='bbox 1483 3608 1808 3667; x_wconf 70' lang='lat' dir='ltr'><strong>ususfructus,</strong></span> <span class='ocrx_word' id='word_1_379' title='bbox 1847 3611 1919 3657; x_wconf 85' lang='lat' dir='ltr'><strong>uti</strong></span> <span class='ocrx_word' id='word_1_380' title='bbox 1945 3609 2122 3656; x_wconf 85' lang='lat' dir='ltr'><strong>Paulus</strong></span> <span class='ocrx_word' id='word_1_381' title='bbox 2155 3609 2218 3656; x_wconf 87' lang='lat' dir='ltr'><strong>ad</strong></span> <span class='ocrx_word' id='word_1_382' title='bbox 2247 3610 2506 3658; x_wconf 77' lang='lat' dir='ltr'><strong>Vitellium</strong></span> 
     </span>
     <span class='ocr_line' id='line_1_58' title="bbox 1483 3686 2504 3751; baseline 0.003 -17"><span class='ocrx_word' id='word_1_383' title='bbox 1483 3687 1682 3746; x_wconf 83' lang='lat' dir='ltr'><strong>scribit,</strong></span> <span class='ocrx_word' id='word_1_384' title='bbox 1722 3686 1856 3735; x_wconf 87' lang='lat' dir='ltr'><strong>aliud</strong></span> <span class='ocrx_word' id='word_1_385' title='bbox 1899 3687 2021 3736; x_wconf 81' lang='lat' dir='ltr'><strong>nibil</strong></span> <span class='ocrx_word' id='word_1_386' title='bbox 2067 3688 2156 3746; x_wconf 91' lang='lat' dir='ltr'><strong>sit,</strong></span> <span class='ocrx_word' id='word_1_387' title='bbox 2203 3703 2346 3751; x_wconf 75' lang='lat' dir='ltr'><strong>quam</strong></span> <span class='ocrx_word' id='word_1_388' title='bbox 2385 3710 2408 3732; x_wconf 77' lang='grc' dir='ltr'>ι</span> <span class='ocrx_word' id='word_1_389' title='bbox 2424 3689 2504 3749; x_wconf 88' lang='lat' dir='ltr'><strong>jus</strong></span> 
     </span>
     <span class='ocr_line' id='line_1_59' title="bbox 1484 3764 2507 3825; baseline 0.003 -12"><span class='ocrx_word' id='word_1_390' title='bbox 1484 3766 1640 3814; x_wconf 80' lang='lat' dir='ltr'><strong>aliena</strong></span> <span class='ocrx_word' id='word_1_391' title='bbox 1686 3782 1738 3814; x_wconf 88' lang='lat' dir='ltr'><strong>re</strong></span> <span class='ocrx_word' id='word_1_392' title='bbox 1777 3765 1978 3824; x_wconf 85' lang='lat' dir='ltr'><strong>utendi,</strong></span> <span class='ocrx_word' id='word_1_393' title='bbox 2005 3764 2228 3825; x_wconf 76' lang='lat' dir='ltr'><strong>fruendi,</strong></span> <span class='ocrx_word' id='word_1_394' title='bbox 2267 3767 2397 3814; x_wconf 83' lang='lat' dir='ltr'><strong>salva</strong></span> <span class='ocrx_word' id='word_1_395' title='bbox 2438 3770 2507 3816; x_wconf 86' lang='lat' dir='ltr'><strong>rei</strong></span> 
     </span>
     <span class='ocr_line' id='line_1_60' title="bbox 1486 3843 2506 3894; baseline 0.002 -2"><span class='ocrx_word' id='word_1_396' title='bbox 1486 3844 1752 3893; x_wconf 82' lang='lat' dir='ltr'><strong>substantia</strong></span> <span class='ocrx_word' id='word_1_397' title='bbox 1775 3860 1837 3892; x_wconf 73' lang='lat' dir='ltr'><strong>s:</strong></span> <span class='ocrx_word' id='word_1_398' title='bbox 1877 3855 1934 3892; x_wconf 90' lang='lat' dir='ltr'><strong>ut</strong></span> <span class='ocrx_word' id='word_1_399' title='bbox 1971 3861 2022 3891; x_wconf 87' lang='lat' dir='ltr'><strong>re</strong></span> <span class='ocrx_word' id='word_1_400' title='bbox 2063 3843 2251 3892; x_wconf 80' lang='lat' dir='ltr'><strong>sublata</strong></span> <span class='ocrx_word' id='word_1_401' title='bbox 2291 3856 2340 3893; x_wconf 90' lang='lat' dir='ltr'><strong>et</strong></span> <span class='ocrx_word' id='word_1_402' title='bbox 2381 3861 2506 3894; x_wconf 85' lang='lat' dir='ltr'><strong>cou-</strong></span> 
     </span>
     <span class='ocr_line' id='line_1_61' title="bbox 1486 3923 2506 3988; baseline 0.002 -16"><span class='ocrx_word' id='word_1_403' title='bbox 1486 3934 1696 3988; x_wconf 85' lang='lat' dir='ltr'><strong>sumpta,</strong></span> <span class='ocrx_word' id='word_1_404' title='bbox 1717 3923 1824 3972; x_wconf 81' lang='lat' dir='ltr'><strong>tolli</strong></span> <span class='ocrx_word' id='word_1_405' title='bbox 1841 3923 2198 3971; x_wconf 78' lang='lat' dir='ltr'><strong>usumfructum</strong></span> <span class='ocrx_word' id='word_1_406' title='bbox 2215 3939 2410 3973; x_wconf 75' lang='lat' dir='ltr'><strong>neeesse</strong></span> <span class='ocrx_word' id='word_1_407' title='bbox 2426 3925 2506 3975; x_wconf 87' lang='lat' dir='ltr'><strong>sit.</strong></span> 
     </span>
     <span class='ocr_line' id='line_1_62' title="bbox 1488 4002 2508 4068; baseline 0.001 -16"><span class='ocrx_word' id='word_1_408' title='bbox 1488 4006 1658 4068; x_wconf 86' lang='lat' dir='ltr'><strong>Quum</strong></span> <span class='ocrx_word' id='word_1_409' title='bbox 1677 4002 1830 4068; x_wconf 74' lang='lat' dir='ltr'><strong>igitur</strong></span> <span class='ocrx_word' id='word_1_410' title='bbox 1851 4002 2016 4052; x_wconf 85' lang='lat' dir='ltr'><strong>oleum</strong></span> <span class='ocrx_word' id='word_1_411' title='bbox 2028 4039 2045 4065; x_wconf 81' lang='lat'><strong>,</strong></span> <span class='ocrx_word' id='word_1_412' title='bbox 2062 4005 2226 4050; x_wconf 81' lang='lat' dir='ltr'><strong>viuum</strong></span> <span class='ocrx_word' id='word_1_413' title='bbox 2241 4037 2256 4063; x_wconf 91' lang='lat'>,</span> <span class='ocrx_word' id='word_1_414' title='bbox 2295 4004 2508 4053; x_wconf 82' lang='lat' dir='ltr'><strong>frumeu-</strong></span> 
     </span>
     <span class='ocr_line' id='line_1_63' title="bbox 1490 4079 2504 4146; baseline 0.004 -16"><span class='ocrx_word' id='word_1_415' title='bbox 1490 4094 1622 4142; x_wconf 80' lang='lat' dir='ltr'><strong>tum,</strong></span> <span class='ocrx_word' id='word_1_416' title='bbox 1644 4083 1952 4142; x_wconf 78' lang='lat' dir='ltr'><strong>vestimenta,</strong></span> <span class='ocrx_word' id='word_1_417' title='bbox 1979 4079 2157 4145; x_wconf 81' lang='lat' dir='ltr'><strong>quihus</strong></span> <span class='ocrx_word' id='word_1_418' title='bbox 2183 4084 2405 4146; x_wconf 76' lang='lat' dir='ltr'><strong>proxima</strong></span> <span class='ocrx_word' id='word_1_419' title='bbox 2431 4097 2504 4134; x_wconf 81' lang='lat' dir='ltr'><strong>est</strong></span> 
     </span>
    </p>
   </div>
  </div>
 </body>
</html>
