2982 4682
514 297 605 369 36
1190 301 1286 366 M.
1338 300 1415 366 T.
1469 299 1952 371 CICERONIS

509 423 969 520 exceptiones
1002 433 1171 491 sunt
1191 432 1277 508 ¹9,
1300 435 1373 492 et
1404 444 1616 492 causa
1651 421 1842 494 cadit
1869 425 1929 494 is
1948 474 1968 507 ‚
1995 423 2126 519 qui
2155 446 2306 494 non
2327 477 2346 508 ‚
2379 447 2625 520 qnem-

505 531 897 603 admodum
927 543 1255 627 oportet,
1282 531 1539 627 egerit3
1565 535 1739 602 etin
1765 529 2077 628 publicis
2107 531 2626 630 quaestionibus

505 657 796 712 cavetur
834 638 1111 738 legibus
1132 693 1152 726 ‚
1210 637 1295 709 ut
1336 653 1505 710 ante
1525 693 1545 727 ,
1589 641 1649 710 si
1683 663 1810 710 reo
1853 638 2318 710 commodum
2349 640 2480 724 sit,
2515 640 2628 735 ju·

504 751 771 822 dicium
804 748 896 820 de
938 763 1347 820 accusatore
1382 746 1548 836 fiat,
1591 757 1837 820 utrum
1875 749 1977 819 illi
2011 749 2220 822 liceat
2253 773 2620 837 accusare,

503 885 751 932 necne.

595 979 787 1045 XIII.
826 973 1049 1068 (xm.)
1086 975 1189 1042 Ex
1224 974 1765 1045 ratiocinatione
1793 977 2279 1044 controversia
2311 987 2620 1059 constat,

499 1109 727 1183 quum
745 1107 857 1155 res
870 1086 1023 1154 siue
1040 1082 1331 1180 propria
1341 1081 1499 1178 lege
1517 1083 1712 1153 venit
1731 1082 1806 1152 in
1823 1080 2362 1178 judicium‚quae
2379 1096 2622 1152 tamen

498 1195 589 1266 ab
610 1195 761 1265 aliis
788 1191 1067 1290 legibus
1094 1190 1632 1262 similitudinem
1657 1189 2041 1288 quamdam
2070 1206 2494 1288 aucupatur.
2523 1196 2626 1262 Ea

498 1319 605 1375 est
630 1301 1080 1398 hujusmodi:
1112 1331 1145 1366 ιι
1160 1304 1309 1371 Lex
1336 1313 1443 1372 est
1459 1355 1479 1388 ,
1501 1302 1573 1372 Si
1587 1299 1900 1373 furiosus
1925 1303 2169 1392 escit¹‚
2200 1315 2624 1399 agnatorum

499 1415 1021 1510 gentiliumque
1040 1421 1067 1454 ²
1098 1412 1174 1481 in
1208 1435 1296 1480 eo
1325 1413 1778 1508 pecuniaque
1814 1412 1974 1508 ejus
2000 1426 2318 1509 potestas
2355 1427 2509 1490 esto
2527 1409 2624 1482 ³.»

496 1530 585 1594 Et
626 1524 738 1594 lex
763 1577 783 1604 ,
812 1553 845 1589 α
881 1525 1029 1613 Qui
1076 1535 1449 1618 parentem
1499 1545 1788 1594 necasse
1823 1520 2188 1616 judicatus
2237 1522 2407 1611 erit,
2443 1536 2529 1591 ut
2566 1523 2625 1592 is

498 1630 936 1704 obvolutus4
966 1645 1041 1702 et
1068 1628 1428 1724 obligatus
1460 1632 1697 1720 corio,
1737 1629 2136 1703 devehatur
2161 1633 2237 1702 in
2267 1631 2624 1728 profluen-

578 1879 659 1924 ¹9·
674 1859 924 1909 Praeeoriae
934 1857 1238 1922 exceptiones
1252 1867 1376 1904 sunt.
1392 1857 1520 1904 MSS
1603 1855 1795 1905 similia.
1838 1857 1967 1907 En.
2002 1883 2072 1896 -
2113 1859 2366 1924 Aguntum
2392 1859 2626 1908 Gruterus

500 1941 698 2006 quidam
716 1950 765 1987 et
780 1937 895 1987 edd.
914 1945 1033 1985 vett.
1034 1937 1188 2004 fiunt.
1214 1935 1309 1984 Sed
1326 1933 1379 1981 id
1396 1933 1519 1982 leve.

500 2023 622 2068 Mox
639 2035 733 2085 pro
751 2027 965 2084 oportet,
994 2014 1069 2063 ed.
1101 2022 1234 2075 1474
1256 2023 1521 2078 oporteret.

502 2102 553 2148 Si
577 2109 701 2147 esset
740 2095 991 2162 oportebat
1006 2127 1023 2154 ,
1053 2093 1281 2157 placeret.
1300 2091 1413 2142 ,Sed
1437 2091 1520 2139 illa

500 2191 617 2228 sunt
640 2177 787 2226 verba
807 2177 932 2237 juris
962 2188 975 2222 :
1005 2194 1031 2215 α
1048 2174 1135 2238 qui
1162 2188 1261 2220 non
1288 2169 1440 2234 egerit
1462 2180 1522 2218 nt

502 2267 697 2322 oportet
732 2277 778 2304 a.
833 2255 1047 2302 Ennea·-
1090 2277 1162 2287 -—-
1196 2248 1522 2312 Exceptiones

496 2335 745 2403 proeton'ae
781 2350 842 2382 ex
875 2330 1048 2380 edictis
1080 2339 1343 2393 praetorum
1378 2327 1519 2375 iusti-

504 2428 638 2465 tutae.
665 2416 741 2463 De
764 2414 874 2461 Inv.
898 2414 973 2468 11,
1006 2424 1087 2471 ¹9·
1112 2410 1343 2455 Wrrnt..
1372 2432 1443 2441 —
1468 2408 1520 2455 J.

504 2498 570 2545 V.
599 2492 791 2541 Leclerc
812 2505 831 2533 .-
860 2486 1063 2555 desfins
1085 2486 1147 2533 de
1171 2502 1268 2532 non
1296 2483 1519 2533 recemir.

576 2573 723 2619 1111.
750 2586 795 2617 ι.
827 2570 934 2614 Lea.-
958 2576 1055 2627 est,
1080 2562 1365 2628 Sistit-iosus
1390 2561 1520 2610 escit.

508 2650 721 2699 Exsistet
752 2645 943 2695 Ernesti
982 2660 1044 2691 ex
1073 2642 1211 2691 libris
1235 2650 1355 2691 vett.
1392 2640 1522 2689 Vide

504 2732 651 2779 etiam
696 2730 803 2775 Inv.
840 2722 919 2786 11,
960 2727 1040 2773 50.
1082 2722 1317 2769 Gruterus
1358 2742 1385 2763 «-
1412 2738 1450 2769 s.
1480 2721 1519 2770 f.

506 2806 695 2858 exsistit
708 2830 752 2857 a,

578 2907 629 2937 α.
664 2890 964 2953 Agnatomm
1004 2879 1365 2947 gentiliumque.
1404 2879 1522 2928 Non

506 2968 731 3019 dubitavi
788 2964 901 3013 dare
949 2960 1081 3025 quod
1130 2960 1349 3025 plerique
1397 2960 1522 3009 Mss

506 3061 553 3097 et
586 3046 699 3096 edd.
740 3054 857 3091 vett.
896 3050 1063 3089 omues
1104 3038 1307 3099 habent,
1346 3039 1428 3087 hic
1472 3049 1520 3087 et

504 3126 674 3192 paullo
700 3132 837 3188 post,
871 3116 993 3165 nihil
1032 3128 1245 3165 moratus
1283 3116 1518 3166 rationem

506 3222 676 3271 quam,
701 3203 753 3249 iu
777 3196 1070 3263 praeferenda
1099 3194 1309 3243 lectione
1333 3212 1520 3260 pauco-

508 3301 611 3332 rum
632 3281 871 3329 librorum
883 3311 898 3335 ,
918 3286 1176 3340 agnatum,
1195 3276 1390 3337 sequuti
1408 3284 1522 3323 sunt

458 3362 467 3373 ’
506 3361 703 3427 quidam
740 3357 831 3404 viri
856 3353 1023 3401 docti:
1051 3350 1135 3415 qui
1166 3352 1520 3411 existimarent,

510 3446 606 3490 hoc
648 3454 748 3485 esse
792 3451 855 3481 ex
888 3431 1006 3496 ipsis
1048 3430 1303 3477 duodecim
1346 3430 1523 3479 tabulis

506 3528 768 3584 sumptum.
802 3512 929 3561 Mihi
966 3508 1071 3557 haec
1106 3508 1231 3555 ratio
1270 3523 1371 3556 non
1407 3511 1522 3557 satia

506 3618 531 3649 ο
536 3612 613 3665 pta
631 3600 834 3647 videtur.
848 3595 1076 3645 Profecto
1086 3607 1188 3639 non
1200 3592 1521 3640 necessarium

506 3692 577 3727 est
590 3716 603 3735 ,
625 3689 869 3727 auctorem
886 3675 1063 3722 horum
1078 3670 1315 3719 librorum
1328 3671 1381 3717 in
1396 3686 1521 3734 prae.

505 3761 657 3823 ceptis
686 3754 982 3812 scribendis,
1008 3766 1157 3816 quum
1183 3748 1403 3812 exempla
1429 3765 1521 3812 po-

504 3850 663 3897 neret,
684 3840 811 3901 leges
828 3834 1002 3882 asset-re
1020 3830 1231 3879 voluisse
1248 3828 1520 3877 secundum

502 3919 790 3966 latinitatem
834 3914 1057 3977 priscam.
1102 3910 1223 3958 Nam
1267 3908 1331 3955 ita
1373 3908 1518 3955 etiam

502 3998 709 4045 dedisset
730 4005 883 4043 cetera
908 3990 1078 4037 aliter:
1100 4004 1199 4035 non
1220 3985 1425 4044 exsistit,
1434 3987 1518 4035 sed

500 4078 642 4135 escit,
678 4090 781 4125 non
826 4069 1085 4135 legaverit,
1124 4066 1209 4113 sed
1230 4065 1451 4130 legastit,
1471 4076 1518 4113 et

1605 1945 1656 1982 et
1673 1935 1816 1984 infra.
1844 1936 1943 1995 Sic,
1965 1936 2150 2001 inquit,
2172 1936 2293 1985 Pnn.
2316 1948 2480 2001 quart.
2501 1949 2626 1987 sext.

1607 2009 1752 2062 Fahr.

1678 2093 1730 2141 3.
1765 2093 1987 2140 Potestas
2018 2103 2135 2141 esoe.
2177 2090 2375 2142 schiiu.
2417 2093 2548 2144 delet
2579 2105 2632 2144 et

1606 2169 1710 2231 Iex,
1729 2191 1752 2214 ι
1769 2170 2131 2235 Quiparentem
2143 2207 2156 2220 .
2178 2207 2193 2221 .
2212 2207 2227 2222 .
2246 2172 2569 2241 profluentem
2581 2159 2656 2222 ιη’

1607 2248 1741 2311 Quid
1761 2251 1852 2298 ista
1867 2249 1950 2298 lex
1963 2285 1980 2310 ,
2005 2251 2170 2315 inquit
2183 2287 2200 2314 ,
2215 2250 2279 2300 ad
2298 2268 2399 2300 rem
2412 2286 2428 2312 ,
2451 2251 2512 2300 de
2529 2269 2626 2316 qua

1607 2329 1856 2391 quaritur,
1891 2346 1956 2377 an
1999 2329 2240 2393 parricida
2281 2329 2537 2379 mmmm,
2573 2331 2626 2379 in

1609 2420 1796 2454 earcem
1843 2418 2179 2455 testamentum
2231 2408 2387 2457 facere
2435 2410 2627 2473 possit?

1607 2486 1783 2533 Manus
1827 2486 2230 2550 interpolatorum
2272 2488 2354 2535 hic
2395 2500 2627 2551 grassans

1609 2576 1742 2621 esse,
1779 2562 1929 2627 magis
1967 2564 2110 2611 etiam
2139 2564 2309 2628 prodit
2346 2564 2478 2613 cod:
2498 2568 2625 2629 Aug.

1609 2641 1663 2688 in
1705 2656 1806 2705 quo
1853 2640 2031 2707 legitur
2058 2658 2072 2691 2
2127 2664 2150 2687 ι
2181 2643 2446 2693 obvolutus
2490 2645 2626 2693 corio

1609 2720 1783 2785 lupino
1793 2756 1810 2783 ,
1825 2720 2060 2785 imposito
2077 2722 2206 2786 gano
2217 2759 2234 2784 ,
2252 2724 2387 2772 simia
2398 2760 2415 2787 ,
2430 2740 2626 2788 serpen-

1612 2811 1686 2860 te,
1726 2801 2006 2863 devehatur,
2032 2814 2126 2851 etc.
2148 2826 2173 2845 a
2211 2806 2387 2855 Toum
2415 2804 2626 2869 denique

1609 2880 1762 2945 legem
1787 2881 1868 2929 hic
1891 2882 1953 2930 ab
1976 2882 2068 2930 alia
2091 2896 2240 2931 mann
2264 2883 2500 2945 adjectam
2522 2900 2628 2933 esse

1613 2958 1864 3009 confirmat
1902 2961 2009 3009 Cic.
2050 2960 2112 3009 de
2155 2964 2263 3010 Inv.
2293 2964 2373 3022 11,
2407 2962 2505 3023 50,
2539 2962 2628 3011 ubi

1610 3050 1706 3088 tres
1726 3050 1914 3087 tantum
1935 3039 2065 3103 leges
2087 3041 2137 3086 in
2159 3039 2324 3088 eadem
2343 3056 2484 3089 causa
2507 3042 2630 3089 affe·

1608 3129 1803 3167 rantur.
1821 3115 2050 3169 Schiiteio
2068 3119 2323 3167 assentitur
2337 3121 2627 3169 clarissimus

1609 3198 1687 3244 vir
1705 3200 1752 3246 J.
1771 3196 1833 3245 V.
1855 3200 1908 3245 L.

1682 3279 1729 3336 4.
1777 3278 1839 3322 Ut
1875 3276 1916 3323 is
1952 3274 2215 3325 obvolutus.
2251 3276 2530 3326 Gronovius
2575 3281 2627 3326 in

1610 3356 1736 3403 Mss
1763 3354 1954 3413 duobus
1987 3356 2166 3419 reperit
2201 3354 2298 3403 hoc
2331 3356 2446 3404 loco
2472 3368 2528 3404 ut
2552 3359 2596 3405 is
2613 3394 2630 3419 ‚

1611 3434 1777 3497 idque,
1795 3445 1851 3481 ut
1877 3433 2036 3497 legum
2061 3434 2280 3481 sot-mulis
2305 3434 2486 3493 simile,
2515 3452 2633 3501 pro-

1611 3512 1773 3560 babat.
1803 3514 1883 3559 Sic
1909 3524 1959 3560 et
1985 3514 2074 3560 MS
2107 3513 2235 3576 Lips.
2269 3523 2316 3561 et
2349 3512 2462 3562 edd.
2493 3515 2632 3562 Med.

1610 3594 1747 3640 Junt.
1779 3593 1949 3654 Itaque
1984 3603 2038 3639 ut
2075 3590 2245 3639 addidi
2283 3593 2504 3657 vulgata.
2539 3596 2632 3641 MS

1611 3670 1786 3732 aliquis
1807 3670 1974 3717 habuit
1998 3686 2053 3717 os
2074 3670 2227 3718 obeol.
2248 3670 2298 3717 id
2331 3688 2358 3717 ο
2382 3675 2634 3735 sequenti·

1609 3748 1701 3795 bns
1735 3760 2002 3797 correctum
2035 3760 2126 3797 est.
2161 3752 2227 3797 Os
2253 3750 2516 3799 obvolvitur
2539 3754 2602 3800 iis
2619 3788 2634 3807 .

1609 3826 1787 3891 quibus
1805 3838 1950 3891 caput
1972 3826 2259 3887 occultatur,
2276 3845 2340 3876 ne
2361 3846 2634 3894 agnoscan-

1609 3918 1704 3961 tur,
1738 3918 1792 3955 ut
1817 3918 1931 3970 post
1966 3907 2020 3954 in
2059 3922 2145 3966 eo,
2180 3910 2265 3971 qui
2301 3910 2351 3955 in
2387 3926 2632 3957 carcerem

1610 3986 1820 4043 ducitur,
1849 4000 1937 4033 nec
1964 3984 2026 4033 ad
2044 3985 2336 4050 supplicium
2360 3986 2634 4051 parricida-

1611 4080 1716 4113 rum
1757 4064 1996 4128 pertinet,
2023 4064 2108 4129 qui
2134 4064 2228 4113 toti
2255 4065 2393 4113 culeo
2419 4066 2630 4115 insuun-
