2982 4682
738 280 870 346 AD
917 279 1503 363 HERENNIIM,
1552 279 1823 348 Llssssn
1873 279 1997 358 lv,
2042 280 2159 363 24.
2377 273 2515 346 215

381 411 626 496 potest
663 395 1110 470 adversarius
1141 397 1394 472 facere.
1437 404 1619 470 Nam
1652 413 1897 470 utrum
1924 397 2015 470 ad
2053 399 2275 496 patris
2302 400 2521 470 virtu-

383 524 534 578 tem
583 505 1005 604 confugiet?
1047 525 1118 580 at
1161 533 1328 580 eum
1367 535 1497 582 vos
1526 512 1743 607 jurati
1782 509 2013 606 capite
2039 520 2057 554 ⁸
2104 507 2511 580 damnastis

382 622 496 688 An
560 615 650 688 ad
711 641 912 688 suam
995 634 1394 691 revertetur
1459 623 1831 717 antiquam
1896 621 2109 690 vitam
2129 629 2185 705 ²,
2255 618 2521 690 alicubi

381 727 688 800 honeste
715 731 1140 800 tractatam?
1173 745 1246 800 at
1278 729 1400 801 hic
1430 728 1723 827 quidem
1756 743 1921 800 ante
1958 728 2211 800 oculos
2242 744 2517 800 vestros

384 835 759 934 quomodo
787 839 1076 926 vixerit,
1101 841 1296 912 scitis
1323 864 1599 910 omnes.
1632 846 1746 910 An
1766 855 2117 936 cognatos
2142 863 2313 910 suos
2340 863 2519 910 enu-

383 947 724 1033 merabit,
763 947 1038 1045 quibus
1069 975 1198 1021 vos
1226 952 1613 1022 conveniat
1634 951 2129 1022 commoveri?
2160 948 2333 1020 athi
2360 951 2516 1045 qui·

385 1056 550 1129 dem
591 1057 775 1128 nulli
818 1073 1008 1130 sunt.
1055 1061 1342 1132 Amicos
1389 1058 1757 1160 proferet?
1796 1074 1871 1132 at
1932 1083 2149 1130 nemo
2199 1071 2343 1138 est,
2386 1058 2517 1152 qui

384 1168 518 1239 sibi
552 1194 700 1240 nou
731 1183 940 1267 putet
975 1185 1220 1266 turpe,
1257 1171 1457 1242 istius
1491 1172 1803 1242 amicum
1831 1169 2189 1240 nominari
2209 1197 2259 1236 n.
2290 1169 2513 1248 Item,

384 1280 704 1366 «Cred0,
747 1282 1152 1364 inimicum,
1202 1305 1422 1376 quem
1467 1295 1849 1352 nocentem
1900 1277 2241 1376 putabas,
2278 1277 2353 1346 in
2388 1275 2510 1370 ju-

381 1388 648 1460 dicium
669 1389 1076 1460 adduxisti?
1104 1417 1292 1473 nom
1318 1415 1484 1462 nam
1516 1385 2049 1462 indemnatumss
2076 1387 2510 1460 necasti.Le-·

381 1522 540 1595 ges,
565 1525 728 1596 quae
747 1499 822 1570 id
849 1497 1082 1570 facere
1110 1500 1505 1597 prohibent
1522 1555 1543 1588 ,
1568 1505 1833 1574 veritus
1862 1502 2065 1572 es?at
2092 1525 2185 1570 ne
2214 1498 2509 1594 scriptas

382 1607 676 1705 quidem
695 1611 1028 1704 judicasti
1044 1614 1098 1680 4.
1139 1614 1252 1701 Qu
1263 1637 1388 1696 um
1407 1613 1561 1709 ipse
1586 1627 1659 1682 te
1684 1612 1941 1682 veteris
1958 1610 2283 1680 amicitiae
2310 1631 2509 1679 com-

377 1716 890 1805 monefaceret,
913 1736 1323 1792 commotus
1353 1723 1466 1792 es?
1491 1735 1567 1792 at
1588 1721 1814 1791 nihilo
1844 1722 2081 1790 minus
2100 1771 2121 1803 ,
2144 1719 2269 1790 sed
2294 1719 2509 1788 etiam

380 1828 768 1900 studiosius
800 1829 1142 1902 occidisti.
1180 1831 1427 1922 Quid?
1463 1856 1693 1928 quum
1740 1830 1874 1901 tibi
1910 1831 2121 1928 pueri
2159 1828 2251 1899 ad
2286 1826 2511 1926 pedes

381 1939 903 2027 volutarentur,
931 1941 1420 2014 misericordia
1445 1956 1689 2012 motus
1717 1943 1837 2012 es?
1854 1954 1927 2010 at
1948 1963 2201 2009 eorum
2230 1952 2505 2034 patrem

380 2047 866 2123 crudelissime
897 2050 1264 2148 sepultura
1307 2075 1608 2148 quoque
1648 2047 2161 2148 prohibuisti».
2191 2046 2505 2118 Multum

379 2159 562 2228 inest
598 2159 1004 2230 acrimonia.-
1045 2174 1115 2230 et
1148 2163 1507 2258 gravitatis
1542 2162 1615 2230 iu
1654 2159 1788 2230 hac
1811 2159 2302 2244 exornatione,
2333 2182 2507 2255 pro-

380 2280 624 2363 pterea
648 2271 846 2367 quod
869 2323 888 2357 ,
918 2295 1148 2367 quum
1174 2273 1551 2368 quaesitum
1573 2286 1715 2358 est,
1735 2267 1915 2367 quid
1942 2281 2273 2365 oporteat
2296 2320 2315 2354 ,
2344 2265 2512 2338 sub-

374 2376 622 2471 jicitur
671 2377 744 2450 id
793 2404 945 2451 non
1000 2405 1154 2452 esse
1211 2379 1502 2452 factum.
1560 2384 1802 2473 Quare
1864 2378 2196 2451 facillime
2256 2375 2373 2465 fit,
2426 2392 2507 2447 ut

381 2482 856 2587 exaugeatur⁵
897 2490 1284 2588 indignitas
1325 2494 1617 2591 negotii.
1657 2496 1763 2563 Ex
1800 2490 2059 2564 eodem
2092 2514 2396 2585 genere,
2427 2503 2509 2559 ut

379 2598 470 2669 ad
519 2612 840 2670 nostram
894 2626 1198 2699 quoque
1253 2627 1635 2700 personam
1681 2601 2074 2673 referamus
2119 2598 2508 2695 subjectio·

446 2872 638 2921 XXIV.
681 2888 729 2921 1.
778 2874 944 2923 sur-aci
977 2874 1151 2939 eapite.
1195 2874 1394 2926 Schiitz.

346 2964 354 2977 ·
379 2952 557 3012 «iurati
571 2950 760 3016 legibue
777 2952 936 3017 eapite
953 2975 1002 3003 ο.
1021 2958 1094 3003 Ita
1117 2956 1261 3004 Voss.
1285 2969 1330 3004 1.

453 3048 501 3081 2.
529 3037 614 3081 An
641 3032 714 3079 ad
726 3048 866 3080 suam
892 3050 932 3080 r.
957 3050 1010 3083 a.
1032 3034 1218 3096 exitam,
1251 3036 1324 3084 al.
1351 3035 1399 3083 h.

379 3118 668 3159 eructatum?
685 3123 742 3160 ae
765 3111 845 3160 lu‘e
867 3112 1077 3177 quidem.
1107 3114 1256 3163 Multi
1275 3116 1400 3163 MSS

379 3191 526 3239 etiam
551 3190 670 3239 edit.
704 3199 836 3258 1474
856 3225 872 3249 ,
901 3194 1037 3241 Med.
1069 3194 1230 3256 1498,
1257 3194 1398 3243 Junt.

380 3264 499 3318 Ald.
531 3286 680 3319 cnam
707 3272 788 3319 hie
816 3270 1014 3335 quidem
1045 3292 1068 3313 ο
1105 3285 1119 3319 t
1155 3274 1291 3336 quod
1328 3283 1402 3321 eat

380 3366 494 3399 sane
542 3350 758 3414 elegans,
805 3350 1048 3399 intellecta
1095 3352 1400 3415 praecedente

379 3430 668 3493 negatione:
705 3444 816 3493 qua
841 3430 984 3477 etiam
1019 3430 1069 3477 in
1107 3431 1279 3479 codiee
1314 3431 1400 3479 ali-

380 3524 480 3571 quo
496 3510 738 3557 Vossiauo
761 3508 975 3557 additur.
1002 3509 1098 3558 Sed
1120 3520 1280 3559 tamen
1295 3525 1400 3557 non

377 3604 526 3636 ausus
543 3604 652 3637 sum
671 3590 912 3653 recipere,
945 3590 1057 3653 quia
1081 3591 1135 3637 in
1172 3589 1401 3637 omnihu-

381 3667 551 3713 ceteris
582 3677 656 3715 est
691 3678 762 3715 at.
790 3668 918 3715 Ean.
946 3694 1018 3705 —
1046 3668 1159 3718 Sch.
1185 3690 1208 3711 ι
1230 3670 1312 3716 An
1337 3668 1400 3716 ad

380 3760 515 3792 suam
551 3756 820 3795 revertatur
857 3747 1104 3811 antiquam
1139 3750 1286 3795 vitam
1312 3747 1401 3794 ali-

379 3825 495 3873 cubi
517 3826 720 3874 honeste
741 3822 1030 3875 tractatam?
1066 3844 1210 3892 quam
1226 3830 1248 3875 Ρ
1275 3828 1400 3875 Nam

379 3904 462 3951 hic
480 3926 504 3944 κ
524 3919 538 3953 :
563 3916 698 3954 textu
719 3908 1024 3955 conformato
1051 3907 1114 3955 ad
1141 3908 1403 3956 lectionem

381 3981 496 4029 eod.
527 3984 628 4033 Etr.
655 3986 708 4033 in
742 4002 846 4049 quo
877 3986 1083 4050 legitur:
1114 3988 1404 4050 «antiquam

377 4064 561 4121 vitam3
595 4066 780 4128 qnam?
826 4076 910 4113 aut
950 4062 1034 4112 nbi
1071 4064 1275 4114 honeste
1315 4077 1406 4113 tra·

1485 2888 1679 2926 etatam.
1704 2877 1831 2924 Nam
1854 2875 1937 2923 hie
1960 2874 2157 2939 quidem
2175 2882 2313 2932 ante,
2350 2882 2447 2920 ete.
2480 2894 2503 2915 ι

1560 2958 1607 3005 3.
1628 2956 1758 3003 Nam
1778 2954 2125 3002 indemnatum.
2145 2952 2371 3001 Gravius
2390 2968 2511 2999 nam

1489 3036 1747 3083 delendum
1766 3044 1929 3082 censet
1942 3070 1957 3095 ,
1978 3048 2131 3097 quum
2149 3032 2275 3080 absit
2291 3047 2318 3080 a
2336 3030 2507 3079 codiee

1487 3116 1587 3162 Erf.
1608 3117 1721 3162 Sca.
1741 3140 1809 3151 -·
1827 3114 1952 3162 Tota
1979 3128 2053 3161 rea
2075 3113 2137 3160 ad
2162 3112 2375 3175 aliquam
2396 3126 2511 3159 cau·

1486 3208 1587 3241 sam
1608 3188 1857 3240 referenda
1876 3190 2083 3249 videtur,
2108 3191 2162 3238 in
2181 3206 2276 3255 qua
2294 3189 2510 3239 civilium

1485 3272 1729 3320 bellorum
1755 3272 1955 3320 sicarius
1981 3271 2155 3335 aliquia
2178 3281 2291 3319 ante
2319 3269 2510 3331 judice·

1487 3354 1699 3399 sistatur.

1562 3441 1612 3488 4.
1657 3433 1730 3479 Ae
1776 3448 1837 3479 ne
1882 3430 2084 3494 scriptas
2142 3428 2339 3494 quidem
2372 3427 2513 3492 judi-

1487 3510 1627 3559 casti.
1704 3508 2077 3575 Intelligendum
2132 3508 2357 3564 videtur,
2420 3519 2511 3555 etsi

1487 3590 1663 3637 durum
1693 3592 1915 3654 profecto
1954 3600 2029 3637 eat
2066 3601 2082 3633 τ
2132 3605 2227 3636 «ne
2264 3604 2367 3636 esse
2402 3587 2511 3655 qui-

1490 3668 1601 3716 dem
1636 3668 1765 3733 leges
1791 3669 1852 3716 de
1884 3686 1937 3716 ea
1968 3685 2020 3716 re
2054 3668 2317 3715 meministi
2336 3688 2361 3707 ι-
2379 3700 2395 3723 ,
2432 3665 2509 3711 vel

1487 3758 1773 3811 numquam
1814 3748 2007 3811 scriptae
2052 3762 2157 3794 non
2204 3754 2397 3803 essent,
2431 3760 2511 3791 eaa

1488 3828 1823 3893 contempsisti
1840 3849 1883 3875 υ.

1564 3908 1614 3955 5.
1644 3908 1705 3953 Ue
1726 3917 2051 3971 exaugeatur.
2092 3905 2183 3951 uic
2218 3918 2414 3966 quoqne
2442 3918 2515 3947 re-

1491 3986 1601 4049 cepi
1630 3986 1728 4035 hoc
1756 3985 1957 4033 verbum
1976 3999 2069 4048 pro
2099 3982 2309 4047 simplici
2335 3997 2524 4046 augea·

1494 4074 1602 4125 eur,
1639 4081 1665 4111 e
1692 4064 1829 4112 libris
1865 4080 1959 4112 aer.
1994 4076 2040 4110 et
2071 4062 2184 4111 edd.
2214 4079 2289 4125 pr.
2314 4060 2441 4109 Vide
2463 4060 2527 4111 ad
