2982 4682
748 441 872 507 DE
923 437 1525 523 ΙΝνΕΝΤΙοΝΕ,
1566 437 1831 508 LIBER
1880 439 1980 521 11,
2028 460 2137 504 21.
2364 435 2501 532 437

393 565 504 634 De
540 558 930 645 hereditate
969 583 1084 643 ea,
1121 583 1282 654 quae
1323 557 1602 656 pupillo
1643 559 1903 642 venit⁷,
1962 559 2149 628 inter
2194 583 2349 646 eos,
2380 567 2507 656 qui

395 673 615 770 patris
651 667 909 768 pupilli
931 667 1234 740 heredes
1272 667 1567 738 secundi
1592 665 1619 710 ⁸
1660 679 1869 753 sunt,
1898 682 1969 738 et
2000 669 2187 738 inter
2212 684 2507 766 agnatos

395 781 651 880 pupilli
682 778 1168 850 controversia
1207 792 1333 848 est.
1370 777 2110 862 Possessioheredum
2152 779 2505 852 secundo-

395 915 560 961 rum
607 904 714 960 est
733 919 786 960 n.
828 893 1144 960 Intentio
1178 903 1284 958 est
1319 904 1779 985 agnatorum,
1836 918 1868 952 α
1901 889 2161 959 Nostra
2205 891 2507 985 pecunia

395 1014 500 1070 est
517 1055 535 1084 ‚
561 997 652 1070 de
684 1021 826 1095 qua
853 1000 947 1085 is,
985 997 1190 1094 cujus
1217 999 1456 1094 agnati
1485 1023 1731 1068 sumus
1746 1007 1803 1082 9,
1828 1010 2126 1070 testatus
2157 1022 2307 1068 non
2334 1012 2508 1068 est».

395 1109 743 1206 Depulsio
806 1121 951 1194 est,
995 1137 1028 1172 c<
1062 1113 1292 1177 Immo
1347 1122 1627 1194 nostra,
1674 1109 1798 1204 qui
1857 1107 2159 1178 heredes
2214 1107 2513 1180 secundi

397 1233 824 1288 testamento
843 1219 1068 1315 patris
1093 1242 1340 1290 sumus
1361 1250 1412 1287 n.
1445 1219 1759 1306 Quaestio
1784 1232 1971 1302 est,«
1987 1221 2335 1288 Uti-orum
2358 1219 2509 1288 sit».

397 1328 606 1436 ljatio
649 1341 756 1398 est
783 1338 868 1413 ¹⁰,
908 1356 942 1392 α
974 1331 1182 1397 Pater
1219 1327 1410 1398 enim
1436 1341 1506 1398 et
1536 1326 1705 1414 sibi,
1747 1343 1819 1400 et
1860 1323 2010 1398 filio
2034 1338 2089 1370 ¹¹
2134 1340 2512 1398 testamen-

395 1451 550 1508 tum
591 1439 906 1533 scripsit,
945 1435 1118 1507 dum
1159 1440 1218 1508 is
1255 1435 1575 1534 pupillus
1608 1447 1813 1508 esset.
1858 1438 2126 1526 Quare,
2167 1461 2329 1532 quae
2384 1433 2512 1506 filii

397 1544 726 1632 fuerunt,
763 1541 1192 1616 testamento
1232 1548 1454 1643 patris
1495 1560 1734 1618 nostra
1776 1542 1953 1616 fiant
1999 1569 2288 1616 necesse
2322 1559 2430 1622 est
2456 1573 2511 1613 n.

398 1653 795 1726 Infirmatio
839 1669 946 1726 est
979 1656 1304 1742 rationis,
1341 1685 1374 1719 c<
1401 1661 1635 1726 Immo
1672 1670 1877 1751 pater
1912 1653 2051 1724 sibi
2086 1655 2397 1750 scripsit,
2442 1669 2514 1724 et

395 1763 794 1834 secundum
844 1763 1178 1835 heredem
1232 1789 1382 1835 non
1442 1764 1635 1848 filio,
1694 1762 1819 1834 sed
1884 1764 2019 1836 sibi
2073 1765 2285 1859 jussit
2340 1788 2509 1836 esse.

396 1875 672 1961 Quare,
733 1887 1204 1970 praeterquam
1256 1873 1452 1972 quod
1504 1874 1728 1970 ipsius
1791 1870 2044 1958 fuitm,
2088 1887 2514 1946 testamento

397 1982 584 2054 iilius
617 1995 930 2052 vestrum
971 2007 1122 2054 esse
1162 2007 1310 2052 non
1361 1997 1598 2080 potest
1622 2014 1677 2053 »-
1722 1980 2106 2068 Jndicati0‚
2142 1984 2514 2054 «Possitne

397 2091 780 2188 quisquam
795 2091 884 2164 de
902 2089 1031 2161 filii
1057 2091 1318 2190 pupilli
1344 2117 1424 2162 re
1450 2085 1804 2178 testari¹33
1831 2115 1921 2160 an
1939 2089 2239 2162 heredes
2258 2115 2515 2164 secun·
2541 2147 2546 2154 .

469 2353 521 2397 ⁸7.
551 2337 675 2400 ῥεια
700 2337 894 2402 pupillo
917 2339 1072 2387 venie.
1101 2339 1291 2405 Nempe
1307 2354 1408 2389 nou

397 2414 460 2463 de
480 2416 745 2465 hereditate
771 2428 970 2481 paterna
985 2454 1000 2476 ,
1030 2417 1118 2466 sed
1139 2418 1201 2467 de
1231 2418 1412 2467 adven·

398 2494 524 2551 titia,
557 2510 620 2541 ex
647 2496 774 2555 eius,
803 2497 888 2559 qui
913 2493 1158 2561 pupillum
1183 2494 1410 2559 heredum

401 2572 578 2621 secem
613 2584 913 2625 testamento.
943 2577 1056 2623 Seu.
1353 2613 1362 2626 .

471 2652 518 2701 8.
556 2652 762 2701 Heredes
803 2653 1003 2702 secundi
1044 2637 1177 2711 sime,
1218 2655 1410 2719 Poterat

399 2740 731 2779 testamentum
769 2749 832 2780 ex
875 2731 979 2797 lege
1019 2729 1256 2781 infirmari
1298 2743 1412 2798 post

399 2822 602 2858 monem
641 2811 880 2859 testatoris
896 2844 912 2869 ,
947 2828 1064 2879 nam·
1086 2822 1169 2859 sut
1190 2823 1302 2859 ente
1336 2822 1407 2859 te-

399 2896 623 2935 statorem
653 2888 776 2935 mori
801 2900 1055 2953 poterant,
1077 2900 1162 2937 sut
1183 2905 1286 2938 nou
1305 2888 1408 2953 apti

399 2965 552 3011 videri
579 2964 641 3012 sd
658 2962 968 3014 hereditatem
987 2968 1270 3032 capiendam
1286 2984 1410 3032 quos

399 3042 482 3090 ille
522 3042 722 3090 heredes
759 3044 1065 3094 instituisset.
1102 3048 1412 3110 Quapropter

400 3120 640 3170 secundos
675 3132 722 3169 et
749 3124 917 3170 tertios
939 3121 1139 3172 heredes
1162 3124 1414 3188 designare

397 3200 598 3259 licebat,
621 3216 706 3269 qui
729 3200 950 3265 priorum
976 3202 1028 3249 in
1050 3200 1213 3276 locum
1229 3236 1245 3263 ,
1273 3202 1314 3249 si
1339 3218 1412 3249 res

399 3280 558 3340 ferret,
581 3278 1006 3330 substituerentur.
1025 3284 1072 3329 J.
1087 3282 1151 3329 V.
1175 3282 1232 3329 1..
1259 3306 1324 3315 —
1343 3280 1415 3328 Ut

398 3357 502 3407 haec
528 3371 627 3408 tots
656 3376 798 3413 causa
816 3361 968 3427 magis
985 3359 1298 3418 dilucidetur,
1319 3374 1410 3408 no·

399 3438 610 3490 minibus
657 3438 784 3487 fictis
845 3450 1052 3489 utamur.
1098 3438 1411 3502 Sempronius

400 3514 594 3579 quidam
636 3518 740 3565 Caii
775 3516 929 3565 fliium
962 3514 1201 3581 pupillum
1225 3516 1409 3563 Titium

399 3590 622 3640 heredem
645 3596 771 3645 fecit.
789 3598 886 3645 Hic
914 3596 1072 3645 Titius
1093 3596 1299 3641 moritur
1320 3610 1406 3641 nn·

399 3681 588 3735 tequam
615 3674 666 3720 iu
687 3690 823 3721 susm
850 3673 1048 3721 tutelam
1071 3674 1291 3723 venisset.
1315 3673 1407 3721 Pn-

400 3759 474 3797 ter
501 3752 645 3799 Ceius
671 3761 840 3816 postea
865 3753 1092 3814 moritur,
1114 3752 1233 3799 etin
1264 3764 1407 3800 testa·

399 3838 562 3876 mento
587 3830 692 3891 eius
719 3830 917 3880 heredes
938 3831 1137 3881 secundi
1161 3830 1265 3879 filio
1285 3831 1408 3879 sub-

399 3904 558 3954 stituti
592 3922 704 3957 sunt
731 3910 902 3961 Curtii.
931 3913 1064 3959 Inter
1095 3912 1187 3958 hos
1214 3911 1410 3959 Curtios

399 3995 447 4032 et
473 3986 588 4032 Titii
613 3999 814 4051 agnatos
841 3990 900 4038 de
926 3989 1190 4039 hereditate
1217 4006 1271 4037 es
1299 4004 1410 4052 quie

400 4064 591 4129 pupillo
618 4082 644 4113 a
668 4066 954 4131 Sempronio
983 4079 1409 4128 veuerst‚coutro-

403 4143 550 4191 versia
579 4155 665 4193 est.
685 4146 801 4195 Scu.

1568 2354 1619 2401 9.
1647 2339 1725 2394 Is,
1746 2337 1887 2405 eujus
1912 2337 2087 2403 agnati
2108 2352 2289 2387 snmus.
2321 2337 2399 2387 Sc.
2425 2355 2517 2403 pu-

1496 2418 1648 2483 pillus
1670 2429 1931 2483 antequam
1956 2418 2009 2465 in
2047 2434 2183 2467 suam
2210 2416 2409 2479 tutelam
2432 2434 2515 2466 ve·

1499 2496 1626 2545 niret
1645 2496 1923 2547 defunctus.
1944 2498 2058 2550 Seu.

1579 2591 1657 2625 ιο.
1697 2576 1838 2624 Ratio
1874 2586 1957 2625 esc.
1997 2575 2114 2623 Scil.
2146 2590 2331 2637 «quum
2370 2575 2519 2637 putris

1499 2655 1703 2705 heredes
1726 2654 1930 2703 secundi
1950 2654 2163 2703 afferunt
2179 2652 2242 2701 ad
2270 2651 2516 2717 depulsio·

1500 2751 1609 2783 uem
1645 2733 1931 2782 firmendsui
1948 2756 1992 2785 ¹·-

1574 2831 1590 2860 ι
1608 2830 1628 2861 1
1642 2848 1654 2861 .
1670 2815 1738 2859 Et
1760 2813 1869 2871 sihi,
1895 2812 2086 2879 etfilio.
2110 2812 2237 2859 Petri
2252 2812 2381 2860 euim
2400 2810 2515 2857 lice·

1496 2892 1580 2939 but
1607 2902 1655 2939 et
1693 2908 1783 2940 suo
1823 2902 1871 2941 et
1905 2891 2173 2954 impuberis
2206 2888 2297 2939 filii
2322 2889 2519 2938 nomine

1498 2980 1835 3019 testamentum
1862 2971 2037 3017 fecere.
2062 2970 2181 3017 Scu.

1576 3061 1661 3096 η.
1714 3048 1859 3110 Quod
1894 3047 2038 3111 ipsius
2061 3046 2207 3111 saie„
2238 3056 2520 3095 tutamento

1502 3124 1647 3175 illins.
1676 3125 1858 3189 Ipsius,
1881 3124 2097 3189 intellige
2119 3125 2295 3189 patris,
2320 3124 2518 3173 minime

1499 3214 1687 3265 sutem,
1724 3203 1861 3267 quod
1898 3203 2089 3253 Ernesti
2124 3203 2329 3268 putabet
2348 3235 2363 3261 ,
2394 3201 2517 3269 filii.

1501 3283 1703 3346 «Vulgo
1731 3297 1746 3332 :
1778 3284 1914 3347 quod
1946 3280 2095 3345 ipsius
2118 3278 2227 3347 fecie
2265 3279 2316 3329 in
2362 3292 2519 3328 resea-

1502 3374 1662 3411 mento
1688 3362 1828 3411 ultim
1850 3373 2065 3410 veumm
2082 3398 2096 3421 ,
2126 3362 2230 3409 sine
2250 3376 2411 3409 sensu.
2430 3362 2514 3407 In-

1500 3440 1727 3504 terpunxi
1760 3450 1876 3503 post
1893 3438 2005 3505 ficit
2024 3456 2043 3486 .·
2070 3439 2120 3486 in
2150 3438 2307 3487 delevi
2323 3450 2403 3496 ,et
2427 3453 2518 3501 pro

1500 3517 1643 3566 ullius
1674 3516 1789 3565 dedi
1832 3514 1961 3565 illius
1998 3514 2279 3566 unctoribus
2317 3515 2444 3565 Mss
2472 3525 2519 3563 et

1496 3594 1609 3644 edd.
1642 3610 1715 3658 pr.
1744 3596 1798 3641 in
1819 3595 2001 3657 quibus
2034 3605 2225 3643 tantum
2254 3594 2425 3643 vitiose
2448 3604 2520 3639 est

1496 3674 1847 3738 interpunctio.
1868 3672 2027 3723 Aldus
2060 3674 2251 3737 primus
2284 3671 2419 3719 dedit
2452 3671 2518 3717 ul-

1498 3751 1620 3815 tius,
1666 3753 1817 3809 vitio,
1856 3763 1911 3799 ut
1956 3752 2153 3815 opinor,
2194 3766 2450 3814 operarum

1499 3816 1745 3881 Hactenus
1796 3830 2018 3891 Ernesti,
2068 3830 2154 3892 qui
2213 3843 2313 3875 rem
2362 3826 2485 3875 bene
2506 3862 2523 3885 ,

1499 3909 1629 3957 Oud.
1682 3921 1947 3973 sequutus,
1997 3906 2389 3965 administravit,
2426 3905 2520 3955 uisi

1500 3989 1637 4054 quod
1658 3990 1805 4037 ullius
1830 3999 2048 4037 vestrum
2073 4002 2218 4035 seusu
2240 4001 2402 4035 carere
2416 3986 2521 4057 ,fru-

1500 4080 1594 4117 stra
1624 4067 1837 4135 uegsyit.
1861 4068 1975 4113 Son.

1580 4147 1657 4194 ιδ.
1686 4143 1936 4193 Pessime.
1959 4178 1971 4191 .
1995 4177 2007 4190 .
2064 4128 2265 4193 heredes
2302 4144 2411 4191 εἰπε.
2462 4142 2517 4189 ld
