2982 4682
757 403 881 471 DE
922 400 1534 484 INVENTIONE‚
1584 401 1848 470 LIBER
1893 402 1997 484 11,
2052 401 2164 482 24.
2387 399 2528 486 443

410 536 759 594 aeteruum
800 521 1333 610 inimicitiarum
1372 533 1926 592 monumentum
1973 523 2388 608 statuerint,
2413 545 2528 592 re·

414 647 663 718 otene,
698 655 791 702 an
820 646 1071 702 contra
1098 630 1399 703 fecerint
1414 659 1466 702 u.
1487 636 1693 702 Hanc
1717 631 1883 701 ideo
1909 631 2266 700 rationem
2291 631 2528 728 subje—

406 745 677 828 cimm,
719 756 802 812 ut
840 741 983 811 hoc
1022 762 1250 811 causae
1306 765 1534 837 genus
1591 743 1860 838 ipsum,
1909 739 2000 810 de
2053 764 2204 836 quo
2255 743 2526 836 agimus

408 864 983 947 cognosceretur.
1014 853 1194 922 Nam
1230 853 1287 920 si
1315 875 1471 921 eam
1503 849 2163 948 supposuissemus,
2199 871 2343 944 qua
2373 849 2526 920 for-

408 973 593 1030 tasse
630 959 742 1028 usi
788 972 1003 1029 sunt:
1042 988 1077 1024 α
1119 962 1284 1030 Non
1334 965 1524 1031 enim
1555 962 1782 1056 juste,
1818 983 2060 1056 neque
2097 960 2215 1057 pie
2249 957 2523 1029 bellum

408 1071 765 1164 gessistis»
796 1094 817 1153 3
864 1068 939 1138 in
999 1067 1419 1140 relationem
1486 1067 1804 1142 criminis
1858 1066 2392 1150 delaberemur‚
2425 1066 2523 1136 de

406 1201 553 1276 qua
584 1175 793 1274 post³
831 1176 1238 1274 loquemur.
1260 1183 1668 1276 Utrumque
1707 1192 1946 1250 autem
1991 1174 2264 1250 causae⁴
2295 1190 2550 1272 genus'

405 1291 479 1357 in
517 1283 703 1358 hanc
744 1308 1025 1358 causam
1062 1287 1377 1360 incidere
1420 1289 1890 1386 perspicuum
1920 1301 2046 1358 est.
2077 1292 2165 1356 In
2205 1284 2393 1355 hanc
2421 1307 2527 1352 ar-

406 1399 981 1494 gumentationes
1014 1421 1101 1468 ex
1140 1395 1388 1470 iisdem
1442 1399 1618 1470 locis
1649 1397 2014 1470 sumendae
2055 1411 2259 1482 sunt,
2303 1409 2522 1490 atque

406 1508 481 1576 in
510 1531 792 1578 causam
816 1491 1239 1604 negotialem
1260 1562 1279 1594 ,
1306 1533 1451 1606 qua
1476 1509 1566 1581 de
1595 1505 1808 1579 ante⁵
1839 1505 2111 1577 dictum
2139 1519 2268 1576 est.
2290 1509 2524 1574 Locos

404 1631 646 1687 autem
682 1641 1098 1687 communes
1136 1633 1209 1689 et
1244 1644 1331 1688 ex
1366 1643 1580 1690 causa
1625 1620 1814 1714 ipsa,
1859 1618 1921 1687 si
1959 1613 2140 1712 quid
2173 1617 2390 1686 inerit
2416 1616 2518 1683 in-

404 1723 839 1822 dignationis
880 1739 1002 1796 aut
1028 1729 1616 1823 conquestioniS‚
1647 1741 1722 1796 et
1753 1749 1845 1796 ex
1880 1727 2057 1818 juris
2097 1723 2406 1794 utilitate
2447 1737 2521 1793 et

404 1847 661 1904 natura
692 1834 956 1906 multos
982 1851 1057 1906 et
1092 1861 1341 1932 graves
1377 1860 1661 1908 sumere
1699 1833 1979 1916 licebit,
2015 1849 2090 1904 et
2116 1832 2522 1931 oportebit,

404 1946 461 2015 si
506 1967 733 2015 causae
772 1943 1081 2043 dignitas
1122 1947 1489 2018 videbitur
1529 1945 1914 2045 postulare.

496 2057 746 2124 XXIV.
792 2056 1317 2152 (xx1v.)Nunc
1350 2058 1903 2153 assumptivam¹
1953 2066 2230 2152 partem
2263 2051 2520 2146 juridi-

402 2162 595 2234 cialis
614 2165 1187 2237 consideremus.
1239 2168 1686 2264 Assumptiva
1721 2167 1940 2262 igitur
1973 2179 2150 2234 tunc
2169 2173 2196 2206 ²
2225 2162 2521 2247 dicitur,

402 2297 627 2372 quum
661 2275 899 2371 ipsum
928 2299 1015 2346 ex
1044 2300 1119 2349 se
1146 2273 1411 2349 factum
1450 2275 1743 2376 probari
1779 2299 1924 2346 non
1964 2282 2238 2372 potest,
2273 2271 2518 2367 aliquo

399 2401 639 2459 autem
708 2386 885 2459 foris
945 2385 1287 2483 adjuncto
1350 2403 1782 2485 argumento
1847 2384 2286 2459 defenditur.
2348 2383 2520 2487 Ejus

403 2511 635 2591 partes
693 2512 861 2569 sunt
912 2484 1226 2595 quatu’or
1265 2526 1283 2568 :
1324 2500 1804 2595 comparatio,
1854 2497 2107 2568 relatio
2149 2494 2468 2566 criminis
2495 2548 2514 2577 ‚

399 2608 707 2679 remotio
744 2608 1091 2694 criminis,
1142 2608 1532 2679 concessio,

492 2711 997 2815 Comparatio3
1036 2732 1141 2789 est
1162 2771 1183 2803 ‚
1217 2732 1448 2814 quum
1481 2713 1776 2815 aliquod
1806 2714 2072 2786 factum
2093 2772 2114 2802 ‚
2150 2710 2348 2811 quod
2387 2732 2520 2808 per

394 2850 471 2896 se
508 2826 743 2921 ipsum
782 2832 931 2897 n'on
972 2828 1063 2897 sit
1106 2825 1600 2925 probandum,
1639 2851 1726 2895 ex
1761 2822 1917 2910 eo⁴‚
1947 2825 2153 2916 cujus
2191 2822 2262 2893 id
2303 2846 2516 2893 causa

396 2932 663 3003 factum
702 2950 842 3022 est,
880 2934 1311 3008 defenditur.
1358 2940 1457 3007 Ea
1493 2949 1604 3006 est
1633 2931 2054 3027 hujusmodi
2093 2959 2107 3001 ε
2147 2931 2511 3023 «Quidam

394 3040 807 3138 imperator,
831 3067 1057 3138 quum
1092 3044 1183 3115 ab
1210 3043 1543 3117 hostibus
1575 3042 2228 3133 circumsideretur,
2273 3069 2516 3141 neque

394 3150 712 3249 effugere
748 3151 901 3222 ullo
942 3153 1163 3223 modo
1200 3168 1473 3249 posset,
1509 3154 1852 3251 depactus
1890 3168 2000 3223 est
2039 3154 2204 3224 cu'm
2251 3155 2392 3239 eis,
2431 3171 2516 3226 ut

395 3286 587 3333 arma
623 3274 695 3334 et
728 3260 1245 3363 impedimenta
1274 3265 1752 3362 relinqueret,
1784 3262 2043 3335 milites
2082 3265 2421 3337 educeret
2451 3262 2516 3353 ⁵3

464 3504 514 3553 3.
544 3506 671 3555 Post.
698 3506 825 3556 Vide
852 3507 917 3555 ad
947 3522 1060 3573 cap.
1086 3508 1271 3557 26-28.
1565 3522 1621 3557 2.
1665 3509 1800 3556 Tunc
1841 3507 2034 3558 dicitur.
2079 3508 2278 3559 Sehiiu.
2327 3510 2518 3559 Erneot.

464 3588 515 3635 4.
528 3582 793 3649 Utrumque
810 3598 977 3635 causa
986 3602 1165 3652 genus,
1188 3596 1281 3640 etc.
1306 3586 1406 3636 Ab·
1497 3598 1596 3635 tam
1625 3586 1816 3636 dinewr.
2347 3608 2354 3615 “

392 3659 601 3709 solutum
638 3666 999 3714 constitutionis
1030 3679 1213 3732 partem
1253 3678 1303 3717 et
1328 3683 1407 3716 u-
1569 3666 1618 3714 3.
1647 3666 1982 3731 Comparatio.
2021 3672 2235 3718 Hei-eun.
2263 3672 2320 3731 1,
2347 3668 2410 3717 15
2427 3704 2442 3729 ,
2467 3681 2516 3719 et

391 3742 703 3805 sumptivam.
720 3746 893 3793 Wrrz.
1496 3746 1572 3805 11,
1597 3754 1680 3802 ¹4·

465 3820 514 3868 5.
555 3820 665 3883 Qua
701 3822 763 3869 de
802 3836 933 3871 ante.
974 3824 1167 3875 Ianam.
1210 3826 1271 3873 de
1306 3842 1407 3891 qna
1569 3834 1624 3881 4.
1654 3826 1733 3871 Επ-
1756 3824 2012 3889 eo.Vulgo
2041 3836 2089 3873 ee
2111 3840 2178 3872 ex
2206 3842 2284 3875 oo.
2314 3825 2410 3875 Sed
2436 3842 2518 3875 eo-

392 3907 533 3948 anee.
1493 3902 1607 3969 pul·
1629 3903 1714 3952 bic
1739 3918 1942 3969 prorsus
1969 3904 2132 3969 inepta
2157 3916 2245 3953 est.
2268 3906 2386 3954 Sca.

458 3976 656 4026 XXIV.
686 3992 733 4026 1.
761 3978 1133 4045 Assumptivam.
1180 3985 1255 4031 De
1308 3998 1405 4047 qm
1567 3984 1598 4031 5
1605 4021 1618 4035 .
1649 3983 1906 4033 Educ-eree.
1934 3983 2214 4033 Abducerec
2243 3984 2411 4035 [amb.
2444 4010 2513 4021 -—

384 4056 557 4137 confer
572 4056 874 4105 Herennium
891 4092 907 4118 ,
934 4058 984 4118 1,
1011 4068 1102 4121 143
1129 4062 1241 4111 vide
1261 4064 1405 4111 etim
1495 4066 1570 4111 De
1597 4078 1647 4111 ω
1670 4064 1733 4113 cf.
1762 4064 1878 4111 Her.
1903 4066 1948 4124 1,
1981 4063 2062 4123 15⁴,
2081 4062 2167 4111 ubi
2187 4063 2246 4113 C.
2269 4064 2510 4129 Popilium

390 4150 498 4199 sup.
524 4135 549 4183 1
565 4172 579 4195 ,
624 4152 641 4183 1
660 4152 702 4183 ι.
1497 4144 1734 4190 nomin-t.
