2982 4682
654 393 663 418 ·
715 369 839 436 DE
887 366 1483 455 INVENTIONE‚
1525 369 1790 438 LIBER
1840 370 1946 454 11,
1992 367 2105 440 25.
2326 375 2465 460 445

351 491 534 562 tebit
551 501 572 532 ¹
587 501 640 576 ¹,
657 504 732 559 et
757 487 1096 560 adhibere
1119 501 1523 558 ceterarum
1552 513 1849 584 quoque
1868 493 2465 578 constitutionum

349 604 702 672 rationem
735 614 954 695 atque
995 612 1387 695 praecepta3
1437 621 1519 668 ac
1556 600 1863 670 maxime
1902 603 2329 694 conjecturis
2367 603 2468 677 fa-

351 707 624 782 ciendis
664 707 1027 779 infirmare
1063 706 1276 792 illud,
1316 707 1515 803 quod
1568 731 1729 779 cum
1778 733 1905 796 e0,
1956 709 2156 808 quod
2196 717 2473 786 crimini

244 820 248 822 ’
351 817 674 903 dabitur,
711 822 800 905 ii,
855 819 984 914 qui
1017 814 1582 898 accusabuntur,
1620 819 2167 916 comparabunt.
2201 823 2282 893 ld
2314 823 2473 914 fiet,

355 929 413 999 si
443 943 568 998 aut
598 927 710 1016 id,
749 925 950 1024 quod
985 926 1224 996 dicent
1260 923 1673 1016 defensores
1708 926 2035 999 futurum
2060 929 2309 1020 fuisse,
2342 936 2479 1006 nisi

357 1035 429 1106 id
466 1040 735 1108 factum
767 1051 952 1108 esset
974 1091 994 1124 ,
1025 1059 1183 1131 -quo
1229 1032 1318 1105 de
1365 1033 1557 1108 facto
1584 1035 1937 1130 judicium
1970 1054 2111 1129 est,
2154 1038 2478 1114 futurum

357 1143 572 1216 fuisse
615 1143 1038 1242 negahitur3
1094 1158 1215 1214 aut
1245 1143 1306 1214 si
1338 1144 1470 1215 alia
1500 1150 1809 1230 ratione,
1845 1162 1916 1218 et
1946 1148 2155 1220 aliam
2185 1150 2285 1226 ob
2310 1155 2477 1223 cau'-

358 1278 507 1325 sam
533 1307 552 1342 ,
595 1278 676 1325 ac
715 1255 905 1324 dicet
957 1277 1038 1325 se
1091 1277 1262 1323 reus
1320 1252 1607 1341 fecisse,
1658 1255 2271 1330 demonstrabitur
2326 1286 2479 1334 esse

357 1361 645 1446 factum.
711 1365 880 1457 Ejus
923 1364 1027 1433 rei
1074 1360 1563 1462 confirmatio,
1621 1381 1693 1436 et
1749 1367 1923 1437 item
1977 1373 2333 1442 contraria
2389 1372 2479 1444 de

358 1487 559 1570 parte
607 1472 993 1554 infirmatio
1045 1499 1130 1544 ex
1179 1474 1649 1570 conjecturali
1696 1479 2210 1549 constitutione
2248 1505 2481 1554 sume-

358 1595 500 1652 tur.
550 1585 674 1652 Sin
728 1599 968 1654 autem
1012 1597 1210 1654 certo
1261 1585 1557 1655 nomine
1608 1583 1931 1657 maleficii
1978 1587 2357 1660 vocabitur
2400 1593 2479 1662 in

357 1690 740 1785 judicium,
777 1694 960 1763 sicut
1016 1693 1092 1762 in
1147 1692 1278 1764 hac
1325 1697 1535 1764 causa
1579 1693 1771 1788 (nam
1817 1697 2203 1791 majestatis
2244 1723 2472 1772 arces·

358 1801 600 1898 situr),
658 1801 1075 1874 definitione
1113 1816 1186 1874 et
1225 1801 1665 1874 definitionis
1706 1809 2075 1904 praeceptis
2112 1811 2219 1879 uti
2265 1835 2476 1908 opor·

358 1910 558 1982 tebit.

455 2026 672 2092 XXV.
731 2027 1006 2120 Atque·
1030 2022 1172 2095 hoc
1225 2022 1523 2119 quidem
1585 2023 2014 2123 plerumque
2082 2030 2159 2098 in
2218 2053 2480 2126 genere

361 2131 617 2203 accidit
637 2143 686 2220 ¹,
719 2147 801 2204 ut
832 2148 907 2204 et
939 2135 1402 2227 conjectura²
1430 2148 1507 2202 et
1530 2130 1953 2226 definitione
1981 2135 2333 2208 utendum
2365 2141 2474 2210 sit.

362 2242 484 2312 Sin
523 2241 716 2312 aliud
752 2266 1049 2339 quoque
1078 2241 1373 2338 aliquod
1408 2265 1637 2339 genus
1674 2243 1979 2331 incidet,
2022 2247 2173 2339 ejus
2204 2250 2483 2343 generis

361 2367 735 2451 praecepta.
758 2353 1002 2425 licebit
1040 2354 1184 2425 huc
1217 2357 1370 2452 pari
1407 2357 1686 2425 ratione
1716 2356 2123 2427 transferre.
2158 2359 2338 2429 Nam
2366 2341 2491 2428 ac?

365 2459 677 2535 cusatori
707 2469 1016 2536 maxime
1055 2468 1258 2536 estin
1287 2464 1430 2537 hoc
1460 2463 2124 2555 elaborandum,‚ut
2150 2466 2223 2537 id
2245 2468 2481 2565 ipsum

365 2570 666 2661 factum,
736 2589 1034 2672 propter
1074 2574 1276 2672 quod
1317 2573 1457 2646 sibi
1489 2599 1660 2647 reus
1703 2573 2001 2646 concedi
2034 2589 2238 2673 putat
2274 2600 2486 2673 opor-

363 2696 546 2770 tere,
580 2708 798 2781 quam
843 2684 1170 2781 plurimis
1207 2682 1527 2755 infirmet
1566 2683 1989 2756 rationibus.
2030 2684 2248 2773 Quod
2282 2683 2486 2757 facile

365 2920 484 2968 lium
502 2934 564 2967 ex
575 2916 791 2967 sehiitzii
808 2920 1044 2969 sententia
1065 2920 1383 2983 interpretau-

367 2995 486 3063 tem)
508 3011 522 3045 :
545 3018 571 3038 ι
591 2999 698 3060 Ipsa
722 3007 881 3045 autem
905 2999 1226 3063 comparatio,
1246 3013 1382 3060 repa-

1469 2916 1717 2983 pauivum
1745 2916 1837 2964 sibi
1864 2916 2121 2981 adjungat,
2154 2919 2315 2966 minua
2349 2934 2485 2966 com·

1468 2996 1619 3045 mode
1645 3006 1805 3043 umen
1829 2994 1883 3042 in
1903 3012 2001 3043 uua
2026 2996 2292 3061 eademque
2316 2990 2486 3047 verho-

365 3084 466 3124 rata
493 3092 520 3123 a
548 3077 720 3123 ceteris
745 3077 998 3139 generibu-
1021 3077 1382 3125 controversia-

368 3170 500 3213 rum,
531 3156 604 3202 sic
627 3170 694 3202 ex
722 3168 813 3201 sua
848 3156 907 3202 vi
941 3154 1014 3220 (id
1043 3166 1146 3215 est,
1187 3172 1248 3203 ex
1285 3154 1386 3201 suin

366 3232 508 3298 locis)
525 3234 927 3292 considerabitur,
946 3244 1039 3283 etc.
1061 3256 1087 3277 ιο
1116 3234 1230 3282 Son.

445 3328 524 3361 ιι.
559 3315 792 3362 stactam
831 3313 1094 3377 oportebit,
1135 3324 1184 3361 et
1219 3310 1385 3359 adhib.

367 3390 557 3438 Ernesti
602 3392 685 3440 dat
729 3414 756 3435 α
779 3392 975 3441 tractari
1027 3390 1275 3457 oportebit
1293 3412 1316 3431 ιι
1359 3405 1388 3436 ο

367 3468 562 3517 duobus
579 3471 717 3519 libris
735 3472 963 3521 Oudeud.
983 3482 1032 3519 et
1049 3471 1290 3523 lambino
1313 3468 1383 3518 sic

368 3548 656 3612 corrigente.
675 3551 840 3615 Vulgo
858 3572 882 3591 e
897 3551 1089 3599 tractari
1109 3550 1384 3598 conveniet.

369 3626 634 3690 Oportebit
673 3629 901 3677 adhibere
922 3649 976 3689 n,
1013 3629 1151 3693 qnod
1193 3644 1384 3678 sensnm

369 3706 682 3754 commodum
713 3724 814 3756 non
847 3708 1018 3769 habet,
1056 3710 1386 3766 ammirato

370 3785 460 3831 iata
503 3796 617 3832 sunt
661 3786 1020 3851 conjungenda.
1063 3788 1154 3835 MS
1204 3790 1305 3837 Gn.
1328 3785 1385 3848 ἰ,

371 3884 396 3903 ι
417 3864 612 3911 tractari
638 3867 871 3915 convenit
897 3877 947 3915 et
972 3882 1056 3931 op.
1073 3888 1177 3907 ιι-
1193 3868 1387 3917 Habent

372 3938 568 3989 Sehfitz.
603 3952 651 3989 et
677 3945 941 3994 Wetzelius
971 3956 1209 4002 tractare,
1247 3946 1384 4010 quin,

370 4030 427 4067 ut
453 4021 521 4067 ait
539 4020 832 4083 Wetzelius,
857 4025 944 4074 etsi
972 4040 1100 4088 σερε
1125 4023 1258 4090 apud
1285 4026 1386 4071 Re-

372 4114 509 4147 renn.
533 4100 732 4149 verbum
757 4116 944 4167 oportet
961 4138 974 4163 ,
1013 4116 1060 4151 et
1097 4101 1312 4153 activum
1341 4116 1391 4154 et

1473 3092 1579 3124 rum
1600 3075 1983 3125 constructione.

1542 3158 1710 3204 XXV.
1748 3170 1793 3204 ι.
1820 3158 2005 3219 Atque,
2023 3192 2035 3205 .
2052 3154 2127 3202 ,in
2158 3172 2335 3221 genere
2357 3159 2488 3205 acci-

1474 3234 1564 3284 die.
1582 3234 1795 3282 anhin.
1814 3233 1868 3281 iu
1888 3243 2047 3281 textu:
2073 3256 2099 3276 u
2116 3236 2276 3299 Atque
2294 3235 2491 3300 quidem

1473 3313 1757 3377 plerumque
1790 3314 1841 3359 in
1868 3313 1963 3360 hoc
1997 3328 2171 3377 genere
2199 3316 2423 3365 incidunt
2444 3338 2487 3364 n.

1473 3394 1593 3440 Tres
1615 3394 1718 3453 ejus
1740 3392 1863 3439 Mas
1890 3390 2137 3441 habebant
2160 3416 2185 3435 α
2202 3394 2255 3441 in
2281 3394 2377 3443 hoc
2404 3412 2491 3460 ge·

1468 3488 1585 3519 nere
1628 3471 1855 3519 incidunt
1872 3493 1917 3519 a.
1959 3472 2329 3521 Emendandum
2374 3489 2490 3522 vero

1470 3550 1577 3614 ipse
1620 3548 1843 3597 censebat
1871 3562 1884 3597 ε
1918 3543 2123 3613 oe'Atque
2163 3550 2257 3599 boc
2297 3550 2492 3614 quidem

1473 3628 1757 3693 plerumque
1777 3628 1832 3675 in
1853 3628 1947 3675 hoc
1976 3644 2151 3692 genere
2167 3630 2348 3677 accidit
2364 3651 2405 3676 a.
2432 3630 2493 3675 Et

1470 3709 1569 3755 hoc
1609 3706 1806 3771 quidem
1842 3708 2078 3772 optimum
2116 3725 2173 3756 ac
2211 3708 2493 3755 facillimum

1475 3797 1563 3835 eat.
1586 3788 1921 3851 Sum-agantur
1945 3787 2095 3836 codd.
2120 3786 2242 3835 Pan.
2264 3788 2461 3838 Geumi
2475 3822 2493 3849 ,

1475 3867 1569 3914 nini
1609 3866 1745 3931 quod
1790 3867 1963 3915 vitiose
2014 3877 2089 3915 est
2138 3886 2159 3909 ι
2184 3864 2495 3913 1100...αωί-

1477 3944 1601 4011 dunt
1620 3968 1659 3993 ν».
1686 3946 1800 3995 Scn.

1550 4040 1599 4073 a.
1620 4026 1687 4073 Ec
1716 4040 1759 4073 e.
1792 4036 1843 4073 σε
1869 4024 2169 4092 definitione.
2203 4022 2500 4072 Addidimns

1479 4114 1528 4151 et
1554 4120 1579 4150 e
1604 4104 1745 4151 MSS.
1769 4106 1897 4152 Eun.
