2982 4682
490 329 632 414 488
1174 328 1271 393 Μ.
1320 328 1397 394 Τ.
1448 326 1928 395 eicssnoms

582 450 911 519 XLVIIL·
942 446 1221 519 Deinde
1264 472 1351 518 ex
1386 446 1712 518 utilitatis
1752 460 1824 517 et
1860 444 2256 517 honestatis
2285 442 2612 542 partibus

484 556 899 643 ostendere,
935 582 1157 655 quam
1188 558 1443 629 inutile
1462 610 1481 646 ,
1514 571 1639 629 aut
1665 580 1886 655 quam
1911 569 2123 653 turpe
2151 557 2240 627 sit
2271 554 2344 625 id
2361 608 2381 641 ,
2407 557 2606 653 quod

486 667 873 742 adversarii
900 666 1145 738 dicant
1170 665 1327 738 fieri
1358 668 1802 765 oportuisse,
1839 679 1965 737 aut
1999 679 2366 763 oportere3
2407 680 2480 737 et
2497 665 2609 753 id,

487 776 689 877 quod
718 802 855 851 nos
878 776 1295 865 fecerimuS,
1332 792 1457 849 aut
1484 776 1968 876 postulemus»,
1997 798 2215 873 quam
2243 774 2451 864 utile,
2485 790 2612 846 aut

487 912 710 986 quam
752 888 1141 959 honestum
1180 888 1291 959 sit.
1356 887 1640 959 Deinde
1697 888 1890 984 leges
1947 876 2157 957 rfobis
2205 909 2402 955 caras
2455 910 2612 957 esse

486 984 653 1070 non'
678 1014 979 1096 propter
996 998 1267 1085 literas,
1305 1022 1467 1096 quae
1499 1013 1753 1069 tenues
1788 1012 1864 1068 et
1897 996 2222 1069 obscurae
2253 1010 2442 1065 notae
2469 996 2614 1065 sint
2665 998 2674 1004 ’

489 1108 916 1196 voluntatis,
974 1107 1102 1179 sed
1158 1122 1459 1206 propter
1521 1132 1766 1179 earum
1829 1130 2070 1178 rerum
2093 1160 2112 1192 ,
2169 1103 2443 1202 quibus
2521 1103 2612 1173 de

492 1220 842 1316 scriptum
872 1233 979 1290 est
1000 1229 1049 1301 ¹,
1081 1218 1501 1302 utilitatem,
1541 1232 1613 1287 ct
1635 1242 1921 1304 eorum,
1951 1219 2076 1313 qui
2099 1226 2127 1257 ²
2163 1216 2612 1313 scripserint,

490 1329 915 1426 sapientiam
944 1342 1015 1397 et
1045 1325 1510 1422 diligentiam.
1537 1332 1822 1413 Postea,
1855 1326 2030 1423 quid
2059 1327 2149 1396 sit
2177 1325 2324 1411 lex,
2357 1324 2618 1395 descri-

490 1434 666 1508 bere
686 1490 708 1523 ,
752 1451 834 1507 ut
864 1460 945 1506 ea
982 1435 1309 1506 videatur
1340 1439 1413 1505 in
1458 1436 1868 1522 sententiis,
1903 1438 2158 1505 nonin
2184 1432 2419 1504 verbis
2443 1458 2618 1503 con—

492 1548 785 1633 sistere3
842 1561 915 1617 et
950 1545 1173 1640 judex
1218 1547 1275 1616 is
1326 1546 1656 1617 videatur
1707 1546 1846 1643 legi
1903 1544 2438 1642 obtemperare,
2491 1546 2618 1639 qui

492 1656 923 1727 sententiam
958 1655 1153 1750 ejus,
1188 1680 1339 1725 non
1375 1657 1504 1752 qui
1545 1660 1974 1753 scripturam
2011 1668 2375 1752 sequatur.
2405 1655 2622 1725 Dein·

492 1764 621 1851 de,
657 1789 879 1862 quam
916 1763 1295 1862 indignum
1334 1769 1464 1849 sit,
1509 1764 1764 1837 eodem
1803 1764 1991 1837 affici
2027 1766 2382 1862 supplicio
2422 1788 2622 1847 eum,

492 1875 623 1973 qui
657 1889 959 1972 propter
988 1874 1285 1971 aliquod
1324 1874 1557 1945 scelus
1593 1889 1664 1945 et
1703 1873 2076 1947 audaciam
2107 1888 2358 1944 contra
2391 1872 2620 1969 legem

412 2020 419 2029 ‹
493 1981 778 2069 fecerit,
818 1998 890 2053 et
919 2007 1124 2072 eum,
1146 1987 1274 2082 qui
1304 1984 1606 2056 honesta
1626 2038 1648 2071 ,
1697 1998 1825 2055 aut
1843 1984 2238 2055 necessaria
2265 1982 2358 2054 de
2379 2006 2622 2068 causa,

494 2116 646 2163 non
688 2091 783 2163 ab
826 2098 1212 2183 sententia,
1258 2094 1385 2166 sed
1428 2093 1519 2165 ab
1568 2095 1786 2166 literis
1825 2094 2001 2191 legis
2039 2092 2414 2164 recesserit
2451 2120 2467 2161 ε
2516 2106 2624 2162 at·

497 2225 644 2299 que
686 2202 799 2274 his
823 2257 842 2290 ,
880 2218 951 2275 et
988 2204 1405 2299 hujusmodi
1448 2203 1854 2276 rationibus
1877 2257 1898 2290 ,
1939 2219 2014 2274 et
2047 2204 2276 2300 accipi
2305 2226 2625 2287 causam,

500 2325 572 2382 et
616 2314 689 2383 in
730 2312 865 2384 hac
903 2313 1057 2412 lege
1096 2316 1350 2413 accipi,
1395 2331 1469 2386 et
1512 2339 1669 2386 eam
1713 2338 2032 2403 causam,
2063 2336 2283 2410 quam
2329 2314 2482 2411 ipse
2522 2308 2627 2381 af·

498 2419 719 2510 ferat,
760 2439 1101 2522 oportere
1138 2427 1361 2523 accipi
1404 2423 1950 2496 demonstrabit.

596 2536 685 2604 Et
709 2535 1323 2632 quemadmodum
1340 2539 1403 2608 ei
1420 2527 1906 2618 dicebamus3,
1924 2538 2050 2632 qui
2073 2558 2113 2604 a
2133 2535 2404 2631 scripto
2433 2531 2624 2602 ‹lice-

503 2655 649 2731 ret‚
690 2643 831 2714 hoc
855 2642 1009 2716 fore
1034 2644 1488 2716 utilissimum
1509 2699 1529 2734 ,
1555 2646 1614 2716 si
1645 2645 1821 2742 quid
1854 2643 1944 2716 de
1971 2647 2306 2740 aequitate
2333 2666 2414 2712 ea
2433 2665 2630 2739 ,quae

507 2777 671 2822 cum
712 2753 1118 2826 adversario
1153 2768 1415 2841 staret,
1449 2754 1898 2853 derogasset:
1927 2754 2030 2824 sic
2061 2752 2232 2824 huic
2252 2807 2274 2840 ‚
2307 2753 2436 2848 qui
2466 2775 2634 2820 con-

500 2876 612 2933 tra
648 2864 995 2961 scriptum
1032 2864 1255 2952 dicet,
1302 2865 1694 2962 plurimum
1735 2865 2093 2962 proderit,
2141 2889 2230 2934 ex
2267 2865 2419 2960 ipsa
2461 2861 2631 2930 scri-

507 2986 719 3068 ptura
756 2973 1023 3072 aliquid
1082 2973 1168 3044 ad
1222 2999 1426 3044 suam
1479 2999 1766 3045 causam
1813 2987 2281 3059 convertere,
2323 2984 2444 3040 aut
2483 2993 2632 3038 am-

507 3079 729 3178 bigue
796 3082 1070 3180 aliquid
1136 3087 1481 3182 scriptum
1544 3084 1957 3170 ostendere;
2025 3081 2291 3154 deinde
2363 3106 2452 3151 ex
2513 3078 2638 3149 ino

508 3188 850 3285 ambiguo
872 3215 1028 3272 eam
1055 3207 1369 3289 partem,
1401 3217 1562 3290 quae
1591 3193 1724 3264 sibi
1759 3195 1986 3291 prosit
2006 3248 2026 3276 ,
2063 3189 2484 3276 defendere,
2513 3201 2640 3257 aut

510 3298 711 3370 verbi
752 3299 1247 3374 definitionem
1292 3304 1668 3392 inducere,
1704 3317 1776 3374 et
1803 3303 1994 3374 illius
2027 3299 2228 3372 verbi
2276 3301 2454 3386 vim,
2489 3322 2640 3395 quo

512 3413 755 3507 urgeri
793 3410 1141 3496 videatur,
1176 3411 1264 3482 ad
1304 3438 1451 3483 suae
1476 3437 1706 3483 causae
1736 3410 2202 3483 commodum
2229 3409 2640 3492 traducere,

510 3534 637 3590 aut
670 3543 760 3590 ex
790 3509 1060 3619 scripto
1098 3547 1248 3593 non
1290 3525 1638 3622 scriptum
1675 3522 1968 3622 aliquod
1998 3520 2342 3591 inducere
2377 3543 2510 3618 per
2538 3540 2644 3586 ra-

509 3727 709 3780 Schfitz.
752 3753 777 3774 ι
796 3748 860 3780 ne
902 3749 1124 3781 sermono
1170 3733 1427 3796 quidem».
1464 3761 1535 3772 —
1693 3735 1922 3782 XLVIII.
1947 3749 1991 3781 1.
2021 3730 2202 3796 Quibus
2221 3731 2284 3778 de
2301 3728 2538 3793 scriptum
2561 3737 2645 3774 est·

511 3810 608 3872 Qui
657 3811 813 3860 verba
866 3811 1112 3862 habuerit.
1184 3813 1381 3863 Schiitz.
1449 3814 1534 3864 dat
1621 3811 1736 3862 Sch.
1767 3829 1879 3862 cum
1902 3812 2138 3860 anbiuo
2157 3810 2376 3875 «quihus
2403 3809 2472 3856 de
2503 3807 2648 3856 rebus

508 3909 533 3927 ·
555 3889 645 3952 qui
672 3907 727 3938 ea
756 3892 901 3939 verba
926 3892 1151 3940 habuerit
1173 3913 1219 3951 ι,
1238 3893 1530 3942 auctoritato
1619 3909 1716 3940 scr.
1739 3903 1813 3940 eut
1831 3914 1874 3940 n.

509 3967 618 4014 cod.
644 3971 791 4016 Voss.
816 3987 861 4018 c.
890 3970 1049 4021 schol.
1072 3974 1215 4018 Voss.
1252 3989 1271 4018 1
1286 4006 1301 4030 ,
1330 3972 1465 4020 Leid.
1482 3988 1530 4031 1,
1690 3988 1743 4020 a.
1767 3971 1866 4036 Qui
1883 3988 1979 4020 scr.
1999 3971 2112 4020 Sch-
2133 3993 2159 4014 α
2175 3971 2262 4034 qui
2281 3969 2586 4032 ”dmm
2601 3987 2647 4018 ⁸·

510 4057 561 4100 a,
578 4045 716 4106 quod
744 4046 875 4096 oml.
900 4064 1099 4113 quoque
1124 4049 1363 4112 placebat.
1695 4051 1744 4098 3.
1769 4049 2086 4100 Dicebamus.
2119 4053 2276 4114 Supra
2303 4065 2350 4096 c·
2371 4049 2461 4105 46-
