2982 4682
437 320 577 393 518
1124 326 1221 391 M.
1272 325 1349 391 T.
1402 322 1888 395 CICERONIS

389 447 398 455 '
433 460 835 517 monstrato
892 459 965 515 et
1006 458 1259 515 notato
1304 445 1467 516 loco
1491 497 1513 532 ,
1572 443 1796 516 facilis
1839 446 2164 515 inventio
2215 461 2325 517 est
2362 472 2378 515 ε
2427 448 2570 546 sic,

433 582 661 653 quum
724 557 1203 655 pervestigare
1272 570 1780 652 argumentum
1831 554 2124 652 aliquod
2187 556 2524 628 volumus
2543 614 2567 649 ‚

432 666 631 739 locos
660 690 873 738 nosse
902 666 1251 737 debemus
1272 692 1291 752 ;
1316 668 1417 737 sie
1447 668 1642 737 enim
1666 664 2038 762 appellatae
2063 663 2158 737 ab
2184 664 2568 737 Aristotele

431 791 602 849 sunt
625 776 734 849 hae
762 778 968 874 quasi
1002 774 1242 864 sedeS,
1274 798 1314 849 e
1348 775 1616 873 quibus
1651 790 2076 872 argumenta
2100 790 2567 873 promuntur.

430 892 685 987 Itaque
736 888 903 959 licet
952 886 1258 959 definire
1280 940 1302 976 ,
1348 886 1592 959 locum
1639 910 1792 959 esse
1833 886 2240 983 argumenti
2279 885 2566 973 sedem3

431 1012 936 1095 argumentum
974 1012 1215 1069 autem
1239 1050 1259 1085 ,
1300 1002 1694 1084 rationem,
1737 1021 1900 1093 quae
1934 998 2040 1067 rei
2075 994 2314 1069 dubiae
2353 994 2568 1068 faciat

432 1104 677 1179 fidem.
712 1108 881 1203 (111.)
912 1107 1051 1179 Sed
1080 1131 1179 1179 ex-
1198 1106 1311 1180 his
1343 1107 1555 1197 locis,
1593 1109 1669 1178 in
1703 1107 1972 1205 quibus
1998 1111 2428 1205 argumenta
2452 1108 2566 1175 in-

432 1218 629 1295 clusa
652 1233 860 1307 sunt,
889 1219 1009 1289 alii
1034 1220 1109 1287 in
1138 1244 1227 1289 eo
1261 1222 1451 1315 ipso,
1493 1218 1583 1291 de
1618 1243 1769 1316 quo
1801 1220 2060 1315 agitur,
2101 1216 2412 1304 haerent3
2445 1214 2568 1285 alii

432 1344 898 1406 assumuntur
947 1329 1407 1399 extrinsecus
1450 1333 1536 1399 In
1589 1332 1749 1425 ipso
1779 1382 1799 1415 ,
1843 1342 2000 1399 tum
2045 1352 2136 1398 ex
2175 1340 2366 1413 toto,
2407 1339 2566 1398 tum

431 1456 520 1512 ex
578 1436 905 1535 partibus
948 1438 1105 1532 ejus
1134 1491 1153 1521 ,
1197 1452 1353 1507 tum
1398 1462 1487 1509 ex
1533 1453 1746 1523 nota,
1805 1452 1962 1508 tum
2019 1462 2104 1507 ex
2142 1436 2252 1507 his
2307 1434 2570 1517 rebuS,

428 1573 593 1647 quae
637 1546 1181 1646 quodammodo
1224 1544 1496 1619 affectae
1552 1562 1724 1618 sunt
1771 1548 1861 1619 ad
1901 1546 2013 1633 id,
2057 1544 2148 1617 de
2187 1570 2339 1643 quo
2373 1570 2568 1642 quae-

423 1659 630 1729 ritur.
686 1660 1147 1730 Extrinsecus
1193 1673 1437 1729 autem
1478 1682 1562 1729 ea
1598 1654 2013 1746 dicuntur³‚
2063 1682 2224 1754 quae
2266 1654 2570 1741 absunt,

426 1769 789 1865 longeque
826 1767 1181 1864 disjuncta
1225 1784 1415 1838 sunt.

524 1878 665 1949 Sed
702 1878 791 1951 ad
834 1878 908 1949 id
952 1894 1219 1966 totum,
1266 1878 1359 1950 de
1403 1904 1555 1977 quo
1599 1879 1994 1964 disseritur,
2037 1893 2195 1948 tum
2235 1874 2574 1949 definitio

428 1986 838 2076 adhibetur,
886 2014 1047 2087 quae
1100 1990 1304 2086 quasi
1348 1990 1757 2062 involutum
1808 1990 2074 2061 evolvit
2107 1987 2217 2075 id,
2281 1986 2370 2057 de
2412 2011 2574 2084 quo

428 2104 796 2197 quaeritur.
836 2104 1008 2196 Ejus
1048 2102 1453 2197 argumenti
1495 2101 1652 2171 talis
1691 2116 1800 2171 est
1837 2098 2146 2171 formula
2165 2100 2226 2167 4:
2253 2102 2426 2169 «Jus
2463 2102 2568 2169 ci-

426 2209 565 2280 vile
602 2209 761 2281 est⁵
800 2214 1097 2308 aequitas
1142 2212 1535 2287 constituta
1582 2212 1702 2295 iis,
1738 2211 1866 2307 qui
1901 2207 2223 2303 ejusdem
2262 2208 2574 2279 civitatis

426 2334 639 2408 sunt,
673 2318 782 2392 -ad
826 2345 945 2393 res
990 2345 1153 2392 suas
1195 2318 1658 2407 obtinendas3
1713 2321 1866 2417 ejus
1910 2332 2150 2390 autem
2210 2318 2575 2416 aequitatis

423 2429 621 2504 utilis
658 2429 819 2504 est⁶
859 2431 1220 2528 cogniti03
1257 2431 1452 2502 utilis
1494 2445 1602 2504 est
1636 2453 1811 2526 ergo
1841 2429 2024 2526 juris
2061 2427 2290 2500 civilis
2333 2428 2570 2499 scien-

426 2543 525 2616 tia
553 2571 607 2611 n.
674 2545 857 2612 Tum
911 2545 1227 2638 partium
1281 2543 1773 2629 enumeratio,
1823 2553 2381 2636 quae·tractatur
2421 2536 2574 2608 hoe

427 2649 653 2722 modo
686 2677 702 2720 :
739 2681 773 2715 c<
798 2653 870 2722 Si
906 2675 1148 2748 neque
1184 2675 1405 2722 censu
1421 2663 1477 2739 7,
1509 2677 1752 2748 neque
1784 2650 2101 2725 vindicta
2121 2704 2140 2736 ,
2182 2673 2320 2724 nec
2347 2662 2570 2724 testa-

1537 2879 1674 2928 ὤας
1711 2879 1935 2927 libertate
1971 2873 2280 2926 donabantur
2315 2875 2445 2924 servi
2479 2875 2570 2924 tri-

1535 2959 1655 3024 plici
1689 2958 1860 3007 modo.
1905 2958 2094 3019 Censet,
2141 2971 2290 3020 quum
2339 2957 2448 3019 quis
2487 2956 2569 3016 ju·-

496 2883 545 2932 3.
572 2882 829 2930 Dicuntur.
864 2879 1061 2927 Lnllem.
1086 2878 1343 2930 dicantar.
1373 2881 1450 2928 De

422 2961 499 3008 hie
518 2960 745 3008 omnibus
766 2960 889 3008 locis
920 2959 1025 3008 vid.
1049 2959 1187 3007 om.
1208 2959 1259 3006 11
1273 2992 1289 3019 ,
1315 2960 1380 3007 3ο
1398 2969 1449 3008 et

426 3041 510 3102 39.
532 3039 610 3088 Cf.
626 3037 835 3100 Quintil.
848 3040 911 3097 V,
944 3053 1023 3084 ιο.
1294 3041 1311 3066 “

501 3126 549 3174 4¹.
576 3115 709 3164 Talis
737 3127 811 3164 est
821 3115 1067 3182 sin-mula.
1094 3117 1164 3164 Ut
1192 3119 1278 3179 qni
1298 3119 1445 3178 juria-

356 3215 364 3226 *
431 3199 657 3248 consulto
683 3198 881 3259 eei-ibit,
914 3199 1131 3264 exempla
1159 3215 1243 3246 sna
1276 3198 1448 3247 Cieero

430 3279 483 3326 in
506 3279 628 3340 juris
653 3279 855 3326 scientia
880 3280 1045 3327 sumit.
1080 3278 1133 3326 Si
1156 3295 1183 3324 ιι
1207 3277 1305 3324 anie
1329 3290 1447 3339 ope·-

429 3358 567 3405 ribus
588 3357 783 3406 haurire
802 3357 1037 3406 voluisset
1051 3393 1065 3419 ‚
1090 3357 1159 3405 ibi
1182 3369 1449 3404 memorare

430 3437 671 3504 potuisset
732 3435 1062 3486 definitionem
1128 3434 1342 3484 consulis
1399 3443 1451 3482 et

432 3515 711 3566 consulatue
736 3517 789 3564 in
816 3528 940 3566 orat.
959 3518 1009 3564 in
1028 3516 1125 3565 Pis.
1148 3533 1192 3565 c.
1216 3530 1276 3562 to
1296 3525 1346 3562 et
1370 3530 1391 3561 1
1406 3530 1451 3562 1.

504 3598 551 3646 5.
570 3599 657 3646 Jeu
676 3595 815 3644 civile
836 3607 928 3644 ese.
952 3595 1081 3643 Vide
1102 3594 1302 3658 Ulpiani
1327 3590 1449 3649 defi-

428 3675 693 3734 nitionem,
714 3676 828 3739 Dig.
848 3677 937 3726 lib.
956 3677 1003 3734 1,
1029 3675 1108 3722 tit.
1124 3690 1168 3724 1.

502 3757 552 3803 6.
586 3755 725 3804 Utilis
761 3765 833 3804 ese
863 3753 1097 3818 cognitio.
1124 3751 1213 3801 MS
1236 3753 1301 3800 V.
1324 3750 1456 3798 delet

430 3845 505 3888 ese
518 3869 533 3891 ,
561 3834 707 3882 bene.
728 3834 808 3883 Sic
828 3843 879 3881 et
896 3832 1011 3881 alibi
1035 3832 1277 3882 omittitur
1300 3830 1352 3877 in
1378 3845 1452 3877 ns-

425 3914 723 3976 sumptione.
737 3915 869 3960 Eun.
892 3942 897 3946 -
911 3939 958 3950 ψ-
980 3915 1120 3961 Par-e.
1134 3909 1451 3958 enumeratio.

429 3989 509 4039 Cf.
530 3993 639 4039 Inv.
662 3995 686 4040 1
706 4026 721 4051 ,
746 4007 814 4054 ²9
832 4025 847 4050 ,
871 3991 965 4050 453
989 3995 1201 4040 Hereum.
1222 3991 1297 4047 11,
1326 3989 1411 4036 30.

502 4083 551 4138 7.
572 4069 625 4116 Si
638 4085 793 4133 neque
811 4085 975 4119 censu.
991 4069 1241 4128 Ciceronis
1258 4080 1451 4134 tempo-

1533 3038 1682 3087 bente
1722 3047 1807 3086 aut
1843 3038 2176 3096 consentiente
2220 3036 2422 3084 domino
2469 3051 2568 3082 no-

1534 3135 1646 3166 men
1671 3116 1914 3165 deferebat
1951 3117 2005 3165 in
2041 3130 2260 3166 censum.
2294 3115 2397 3163 Soli
2434 3115 2566 3168 enim

1535 3197 1668 3244 eive·
1703 3195 1890 3244 romani
1927 3195 2043 3242 olim
2075 3194 2409 3242 censebantur.
2437 3193 2557 3240 Vin-

1537 3275 1671 3332 dicta
1687 3311 1704 3334 ,
1747 3289 1902 3339 quum
1933 3273 2082 3322 lictor
2117 3273 2417 3331 vindictam,
2451 3289 2570 3335 que

1537 3354 1724 3418 virgula
1746 3363 1819 3402 eet
1834 3388 1849 3412 ,
1871 3353 2246 3401 manumittendi
2268 3353 2393 3400 servi
2415 3351 2568 3415 capiti

1538 3435 1822 3498 imponens,
1863 3432 2085 3480 eumdem
2127 3445 2320 3478 servum
2355 3429 2446 3478 hac
2481 3445 2568 3477 so-

1538 3513 1688 3563 lemni
1700 3512 1960 3561 verborum
1972 3510 2198 3571 formula,
2218 3531 2244 3550 ‹-
2255 3509 2380 3558 liber
2396 3520 2501 3557 esto
2511 3530 2536 3550 a·
2553 3543 2575 3574 ι

1540 3594 1594 3640 in
1636 3591 1908 3641 libertatem
1947 3589 2264 3638 vindicabat:
2300 3605 2402 3652 quo
2443 3597 2570 3635 tern-

1539 3686 1662 3738 pore
1689 3670 1918 3718 dominus
1959 3683 2152 3717 servum
2189 3667 2325 3732 alapa
2367 3683 2570 3732 pereus-

1540 3767 1649 3803 sum
1685 3749 2045 3814 circumagebat
2077 3749 2130 3795 in
2165 3763 2369 3812 gyrum,
2405 3759 2460 3794 ut
2493 3747 2572 3794 sie

1541 3828 1832 3893 intelligeret
1871 3829 1966 3877 eibi
1999 3827 2187 3876 licitum
2223 3827 2274 3874 in
2299 3826 2570 3891 quamlibet

1541 3919 1728 3974 partem
1753 3909 1904 3956 abire.
1927 3907 2260 3964 Testamenta,
2283 3921 2432 3970 quum
2455 3905 2569 3970 quis

1540 4003 1730 4036 servum
1755 3999 1896 4034 enum
1925 3995 2211 4034 teet-mento
2234 3984 2302 4032 lib
2461 4001 2572 4040 ase

1536 4067 1770 4128 iussisset.
1784 4067 1964 4114 Paua-r.
1983 4091 2048 4101 -
2065 4063 2167 4112 snb
2190 4064 2571 4129 imperatui-ihm
