2982 4682
801 326 926 398 DF.
973 329 1575 414 ΙΝνΕΝΤῙοΝΕ,
1619 331 1885 402 LIBER
1937 333 2037 417 11,
2088 356 2153 399 α.
2400 332 2536 431 397

411 453 755 552 dignitate
777 507 798 540 ,
835 465 1043 548 potes
1077 475 1164 522 ex
1195 450 1306 523 his
1339 454 1706 550 suspicari.
1736 451 2055 523 Praebete
2076 455 2296 549 igitur
2320 439 2496 527 mihi
2516 513 2533 544 ,

411 587 693 660 quaese,
717 562 992 658 inquit,
1019 585 1104 632 ex
1133 562 1284 632 istis
1313 561 1711 661 virginibus
1744 560 2327 653 formosissimas,
2350 565 2527 638 dum

411 674 634 770 pingo
665 670 772 758 id,
815 668 1016 767 quod
1043 671 1406 766 pollicitus
1439 697 1597 742 sum
1635 671 1872 759 vobiS,
1907 686 1987 742 ut
2024 687 2309 744 mutum
2338 677 2411 746 in
2449 681 2529 747 si-

413 783 808 853 mulacrum
845 807 934 852 ex
963 782 1252 851 animali
1291 782 1623 880 exemplo
1658 783 1917 854 veritas
1946 781 2433 878 transferatur.

511 897 698 963 Tum
724 892 1150 962 Crotoniatae
1173 881 1272 979 ¹⁵,
1303 891 1604 990 publico
1644 893 1735 964 de
1764 894 2065 964 consilio
2084 889 2184 980 ¹⁶,
2218 896 2529 992 virgines

413 986 638 1072 unum
675 1005 750 1070 in
790 1001 1028 1074 locum
1065 1001 1611 1087 conduxerunt,
1643 1017 1715 1073 et
1742 1004 2035 1100 pictori,
2069 1029 2249 1100 quas
2275 1004 2525 1092 vellet,

412 1111 716 1208 eligendi
773 1125 1200 1209 potestatem
1259 1109 1643 1184 dederunt.
1701 1112 1832 1182 Ille
1900 1126 2139 1184 autem
2205 1115 2535 1212 quinque

412 1213 711 1318 delegit3
758 1245 1064 1318 quarum
1095 1222 1386 1292 nomina
1411 1222 1617 1292 multi
1650 1237 1881 1320 poetae
1918 1227 2283 1294 memoriae
2315 1226 2533 1294 tradi-

411 1330 770 1419 deruntw,
789 1329 988 1427 quod
1017 1329 1171 1423 ejus
1201 1344 1441 1400 essent
1459 1331 1741 1426 judicio
1772 1330 2126 1429 probatae,
2161 1335 2290 1431 qui
2312 1339 2527 1406 veris-

409 1443 538 1510 sim
549 1466 670 1512 um
687 1437 1240 1537 pulchritudinis
1255 1447 1276 1482 ¹
1288 1434 1318 1484 ⁸
1334 1438 1606 1510 habere
1622 1438 1973 1534 judicium
1994 1438 2379 1514 debuisset.
2402 1447 2532 1515 Ne-

409 1575 553 1646 que
597 1551 792 1620 enim
837 1549 1144 1646 putavit,
1183 1552 1463 1634 omnia,
1495 1573 1654 1645 quae
1688 1565 2039 1646 quaereret
2078 1550 2166 1622 ad
2198 1568 2531 1624 venusta-

413 1673 554 1730 tem
575 1713 594 1746 ‚
640 1683 789 1728 uno
827 1660 899 1727 in
953 1682 1254 1755 corpore
1307 1683 1381 1728 se
1423 1659 1743 1754 reperire
1797 1683 2007 1757 posse
2030 1713 2049 1744 ‚
2108 1660 2275 1733 ideo
2328 1662 2531 1759 quod
2592 1730 2595 1733 .

410 1767 628 1857 nihil,
655 1768 959 1865 simplici
978 1771 1052 1838 in
1087 1793 1350 1866 genere
1375 1777 1460 1854 ¹⁹,
1487 1771 1690 1837 omni
1713 1792 1802 1837 ex
1832 1779 2106 1865 partem
2123 1769 2525 1867 perfectum

411 1893 661 1950 natura
692 1878 1070 1976 expolivit:
1118 1879 1360 1974 itaque
1385 1887 1484 1962 ²¹,
1528 1893 1890 1974 tamquam
1945 1883 2201 1951 ceteris
2246 1907 2393 1953 non
2436 1886 2529 1957 sit

407 1975 737 2060 habitura
787 1987 986 2084 quod
1049 1988 1421 2084 largiatur,
1468 1989 1527 2057 si
1575 1989 1699 2057 uni
1748 2003 2008 2059 cuncta
2050 1998 2527 2082 concesserit,

405 2098 598 2170 aliud
659 2098 777 2170 alii
838 2096 1234 2184 commodi,
1307 2097 1553 2193 aliquo
1616 2094 1955 2192 adjuncto
2008 2098 2476 2172 incommodo
2505 2156 2525 2182 ,

405 2223 847 2281 muneratur.
1329 2223 1334 2228 “

499 2323 588 2391 Π.
626 2317 792 2415 (11.)
843 2316 1060 2409 Quod
1105 2320 1450 2415 quoniam
1505 2315 1717 2389 nobis
1776 2341 2075 2416 quoque
2132 2318 2523 2392 voluntatis

405 2429 657 2502 accidit
675 2438 727 2515 ¹,
751 2444 834 2501 ut
857 2442 1080 2499 artem
1108 2427 1393 2499 dicendi
1429 2428 2068 2526 perscriberemuS,
2106 2454 2255 2499 non
2288 2456 2517 2502 unurn

404 2540 699 2639 aliquod
727 2540 1238 2638 proposuimus
1260 2539 1671 2636 exemplum
1690 2594 1711 2625 ,
1740 2539 1943 2635 cujus
1967 2562 2221 2611 omues
2250 2557 2486 2637 partes
2504 2600 2522 2629 ‚

404 2673 870 2749 quocumque
908 2664 1143 2720 essent
1168 2650 1242 2719 in
1275 2673 1573 2746 genere,
1620 2649 2109 2748 exprimendae
2148 2650 2363 2723 nobis
2399 2678 2525 2725 ne-

479 2874 500 2905 1
511 2862 563 2909 5.
578 2860 698 2907 Tum
713 2858 838 2907 Ome.
850 2857 930 2905 Sic
943 2858 1062 2905 MSS
1074 2855 1265 2920 aliquot
1281 2871 1308 2903 ε
1312 2852 1416 2919 pud

400 2938 531 2987 Oud.
555 2950 686 2987 recte
710 2952 803 3002 pro
828 2947 960 2985 uene.
978 2938 1110 2985 Eun.

478 3019 560 3065 16.
601 3016 744 3063 Pan.
768 3013 830 3063 de
861 3014 1080 3063 consilio.
1107 3013 1230 3063 cod.
1263 3014 1412 3061 Grev.

401 3120 424 3139 -ι
443 3096 689 3146 communi
725 3093 786 3143 de
821 3092 1028 3141 consilio
1046 3113 1090 3141 ιο.
1127 3090 1274 3154 Quod
1311 3090 1416 3139 sine

400 3192 540 3225 eamn
565 3174 852 3241 praeferebat
873 3170 1178 3221 Gulielmius.
1201 3172 1318 3218 Sca.
1345 3196 1414 3207 --·

399 3256 592 3304 Omittit
609 3256 674 3304 de
691 3256 780 3303 Ms
799 3251 962 3301 Guelf.
981 3265 1021 3299 ι.
1043 3252 1170 3299 Ean.

477 3348 496 3382 ι
509 3350 553 3393 7.
579 3333 916 3381 Tradiderum.
937 3329 1102 3379 lamb.
1119 3344 1183 3375 ex
1203 3342 1303 3374 uno
1325 3326 1413 3374 MS

399 3409 564 3459 laudat
588 3434 614 3453 κ
631 3412 958 3475 prodiderunt
971 3431 1012 3457 υ.

477 3492 560 3537 18.
595 3494 705 3537 Ver.
729 3488 1110 3555 pulchritudinis.
1149 3510 1172 3529 ιι
1193 3484 1415 3535 Pulchri·

401 3566 582 3615 tudinis
602 3570 898 3617 verissimum
911 3590 938 3610 ι·
957 3567 1072 3617 cod.
1097 3567 1196 3615 Ale.
1231 3568 1346 3616 Son.

475 3662 559 3709 ¹9·
588 3646 802 3712 Simplici
827 3648 877 3696 in
901 3663 1106 3713 genere.
1137 3646 1196 3693 Id
1224 3656 1326 3703 ont,
1365 3648 1418 3695 in

399 3741 495 3773 um
522 3726 784 3790 eademque
811 3743 862 3775 re
879 3760 894 3785 ,
925 3726 976 3773 in
998 3742 1048 3774 re
1069 3726 1326 3789 singulari,
1360 3726 1412 3773 in

395 3819 501 3852 uno
545 3804 766 3865 subjecto
785 3841 802 3867 ,
841 3815 896 3853 ut
937 3804 1176 3853 dialectici
1221 3804 1410 3853 dicunt.

396 3884 615 3931 Εικιετ.

467 3977 554 4009 20.
592 3959 735 4007 Omni
759 3976 824 4009 ea:
837 3972 999 4025 parce.
1028 3963 1182 4011 Gron.
1207 3973 1256 4009 et
1281 3961 1410 4010 Oud.

395 4041 596 4090 rescribi
637 4040 817 4089 volunt
855 4062 880 4083 α
903 4041 1130 4091 omnibus
1165 4059 1226 4089 ex
1267 4043 1410 4104 perti·

1504 2853 1597 2902 bus
1619 2874 1664 2903 ι.
1702 2856 1769 2903 Ut
1798 2854 1949 2903 estin
1988 2855 2113 2903 MSS
2154 2853 2395 2917 pluribus.
2432 2857 2524 2905 Ille

1505 2934 1647 2982 etiam
1688 2932 1927 2981 editiones
1966 2933 2187 2995 antiquae
2230 2934 2303 2979 sie
2346 2934 2523 2985 habere

1505 3012 1625 3061 dicit
1654 3027 1668 3061 ε
1715 3028 1831 3059 meae
1875 3012 2071 3075 quidem
2124 3026 2293 3059 omnes
2340 3012 2523 3063 habent.

1504 3092 1777 3155 vulgatum,
1815 3091 1949 3155 quod
1984 3092 2193 3155 primum
2228 3092 2281 3139 in
2315 3094 2523 3143 Victorii

1504 3172 1687 3219 Veneta
1743 3169 1901 3233 reperi
1923 3202 1937 3227 ,
1983 3185 2077 3216 nec
2124 3169 2177 3217 id
2228 3175 2522 3234 posteriores

1504 3248 1670 3313 Steph.
1716 3250 1881 3299 Colin.
1928 3250 2122 3307 Man-ut.
2162 3250 2336 3298 imitati
2384 3264 2520 3303 eunt.

1503 3330 1630 3377 Eur,
1659 3356 1730 3365 —
1758 3330 1869 3377 Sch.
1892 3346 2001 3377 eum
2024 3329 2221 3379 Lallem.
2254 3351 2277 3373 ι
2294 3332 2522 3383 omnibus

1505 3424 1566 3458 ex
1585 3408 1805 3471 partibus
1820 3430 1865 3458 ιι.

1577 3502 1662 3533 21.
1680 3489 1873 3550 Itaque.
1892 3486 2005 3535 Non
2025 3497 2127 3535 erat
2139 3520 2154 3547 ,
2176 3488 2311 3550 quod
2332 3492 2520 3539 Ernest.

1514 3563 1574 3611 de
1601 3565 1800 3612 veritate
1835 3565 1981 3625 hujus
2004 3566 2231 3615 lectionis
2264 3567 2521 3617 dubitaret.

1510 3646 1687 3707 Itaque
1718 3644 1845 3691 enim
1868 3644 1917 3692 h.
1944 3646 1983 3694 1.
2015 3656 2086 3693 est
2110 3645 2239 3694 idem
2270 3664 2327 3694 ac
2356 3660 2402 3694 ee
2426 3649 2521 3706 ita,

1506 3734 1563 3770 ut
1580 3723 1685 3771 Cic.
1700 3722 1761 3770 de
1780 3721 1993 3785 Officiis,
2022 3722 2111 3771 lib.
2134 3726 2209 3784 11,
2234 3741 2339 3788 cap.
2362 3741 2452 3783 20,
2474 3738 2521 3776 et

1501 3804 1693 3868 saepius.
1717 3804 1834 3851 Son.

1571 3884 1639 3930 11.
1668 3896 1711 3930 1.
1745 3881 2020 3929 Voluntatis
2052 3880 2249 3930 accidie.
2281 3884 2523 3933 Grevenb.

1502 3984 1527 4005 οι
1550 3961 1790 4010 voluntati
1804 3982 1825 4003 a
1858 3976 1871 4010 :
1912 3960 2115 4025 vultque
2135 3959 2420 4010 Gulielmius
2440 3980 2523 4011 νο-

1501 4040 1645 4089 luisse
1668 4041 1937 4104 exprimere
1964 4062 1986 4083 ι
2003 4038 2243 4103 voluptati
2264 4064 2307 4088 n.
2332 4042 2497 4093 Gau-r.
2530 4032 2537 4043 ’
