2982 4682
62 4145 78 4408 ᾞῖ-ΊἩ
68 4077 74 4088 -

505 349 556 394 x
1134 323 1499 396 ALTERA
1546 325 2017 397 PRAEFATIO·

507 458 976 558 Gniphonem
1001 461 1353 532 Suetonio
1378 458 1747 558 Fabioque
1774 478 2263 547 memoratum
2284 463 2661 538 librorum

503 599 920 656 nostrorum
955 599 1327 658 auctorem
1353 599 1639 683 putans.
1669 591 1758 656 In
1792 611 1944 684 quo
1982 607 2135 659 n'on
2166 570 2692 677 morabimur(

501 708 674 794 rati,
717 721 802 780 ut
841 706 1192 794 diximus,
1235 722 1604 780 auctorem
1656 731 1909 783 corum
1932 763 1953 798 ,
2001 713 2333 810 quisquis
2384 712 2613 786 fuerit
2632 771 2652 801 ‚

501 853 656 902 non
693 829 1062 904 rhetorem
1107 827 1348 902 fuisse.
1399 827 1866 902 Cornificium
1918 833 2283 923 malimus,
2336 835 2441 908 de
2494 863 2661 935 quo.

504 955 686 1053 quid
740 953 1204 1028 sentiendum
1273 954 1366 1026 sit
1438 953 1970 1052 quaerentibus,
2030 962 2657 1034 accuratissimam

503 1079 826 1154 Schfitzii
866 1078 1430 1176 disputationem
1469 1075 1791 1150 afferam.

597 1203 1110 1277 «Cornificium
1135 1202 1495 1275 seniorem
1522 1227 1677 1300 quo
1694 1205 2059 1290 minus‚ut
2074 1206 2319 1302 multis
2342 1208 2652 1306 placuit,

503 1343 878 1414 auctorem
935 1323 1294 1396 librorum
1363 1324 1456 1398 ad
1513 1329 1957 1398 Herennium
1992 1353 2173 1401 esse
2222 1330 2651 1419 credamus,

501 1452 814 1524 maxime
841 1446 1056 1520 nobis
1083 1446 1324 1523 obstat
1351 1447 1532 1537 hoc,
1570 1448 1773 1546 quod
1798 1451 2005 1524 illum
2035 1454 2411 1551 aequalem.
2428 1461 2647 1529 Cice-

499 1577 703 1649 ronis
733 1571 954 1644 fuisse
979 1585 1300 1658 constat,
1329 1595 1557 1668 quem
1588 1595 1681 1644 ex
1704 1572 1998 1669 aeqnalis
2038 1589 2113 1646 et
2150 1575 2645 1676 condiscipuli

497 1697 754 1769 libris
733 1721 812 1766 m
839 1719 1012 1768 suos
1047 1694 1448 1776 rhetoricos
1475 1707 1622 1768 tam
1659 1695 1886 1769 multa
1922 1696 2413 1785 transtulisse,
2440 1698 2649 1771 haud

499 1835 619 1893 est
657 1816 1022 1892 credibile.
1062 1819 1320 1915 Neque
1355 1831 1601 1892 tamen
1639 1819 1871 1892 ausim
1907 1841 2209 1916 negare,
2254 1821 2656 1910 Quintilia-

499 1967 714 2032 num,
749 1943 888 2041 qui
911 1965 1102 2040 saepe
1141 1938 1615 2040 Cornificium
1647 1937 1925 2027 laudat,
1968 1965 2135 2038 quae
2176 1964 2267 2016 ex
2306 1965 2396 2014 eo
2440 1957 2644 2018 attu-

499 2069 700 2157 lerit,
739 2093 782 2139 e
810 2064 1013 2137 libris
1043 2033 1450 2138 Rhetoricis
1475 2061 1567 2138 ad
1598 2065 2047 2138 Herennium
2070 2064 2651 2166 deprompsisse,

499 2195 892 2293 ipsumque·
923 2213 1046 2262 eos
1067 2186 1460 2260 Cornificio
1479 2188 1755 2260 auctori
1791 2185 2218 2261 tribuendos
2244 2192 2639 2262 censuisse.

499 2314 718 2409 Quod
753 2335 986 2413 quum
1019 2310 1170 2407 jam
1207 2308 1635 2383 Riceobono
1674 2310 1905 2409 visum
1942 2303 2513 2397 esset‚'exortus
2538 2329 2653 2387 est

495 2448 604 2517 Jo.
666 2442 936 2511 Marius
989 2434 1320 2519 Mattius,
1367 2436 1501 2529 qui
1566 2436 1644 2504 in
1696 2431 2293 2510 annotationibus
2344 2438 2509 2511 suis
2568 2438 2651 2507 in

493 2563 730 2635 varios
765 2572 1096 2631 auctores
1137 2554 1400 2627 latinos
1447 2568 1523 2625 et
1566 2571 1839 2650 graecos
1878 2552 2383 2627 Riccobonum
2432 2558 2641 2633 refu-

491 2700 648 2759 tare
678 2694 1086 2754 conaretur.
1113 2680 1363 2774 Nuper
1399 2690 1643 2750 autem
1682 2675 2173 2775 Spaldingius‚
2202 2684 2643 2755 novissimus

493 2808 838 2903 idemque
885 2800 1344 2875 doctissimus
1388 2799 1826 2890 Quintiliani
1874 2802 2425 2876 Institutionum
2474 2828 2637 2876 ora-

493 2930 838 3005 toriarum
877 2925 1136 3011 editor,
1161 2922 1386 2995 literis
1421 2920 1513 2995 ad
1550 2944 1667 2995 me
1702 2924 2017 3021 scriptis,
2059 2924 2237 2995 mihi
2276 2926 2636 3022 significa-

491 3056 632 3139 vit,
671 3074 750 3125 se
792 3046 1215 3121 Riccobono
1268 3046 1631 3131 assentiri,
1672 3044 1767 3117 de
1808 3068 2040 3143 eaque
2076 3072 2155 3119 re
2192 3047 2640 3144 singularem

489 3175 823 3253 libellum
864 3168 1209 3241 meditari.
1259 3170 1616 3241 Nimirum
1678 3170 1919 3240 omnia
1971 3194 2054 3241 ac
2108 3170 2389 3266 singula
2440 3170 2630 3257 loca,

491 3324 654 3399 quae
689 3291 1180 3388 Quintilianus
1207 3315 1298 3363 ex
1325 3288 1695 3363 Cornificii
1734 3290 1939 3363 libris
1970 3294 2269 3377 excitat,
2314 3295 2389 3362 in
2426 3292 2637 3365 libris

494 3425 582 3501 ad
619 3419 1064 3511 Herennium
1107 3415 1413 3487 inveniri
1469 3413 1930 3513 Spaldingius
1981 3436 2147 3485 cum
2202 3412 2630 3487 Riccobono

493 3539 890 3621 contendit.
929 3536 1150 3629 Quod
1195 3539 1326 3609 etsi
1367 3538 1464 3609 ita
1512 3533 1971 3611 manifestum
2012 3550 2155 3623 est,
2190 3550 2274 3607 ut
2310 3533 2633 3609 dubitari

491 3678 844 3764 nequeat,
873 3660 1202 3733 nondum
1241 3675 1480 3734 tamen
1522 3658 1665 3743 hoc
1706 3662 1867 3756 ipso
1909 3662 2245 3745 vincitur,
2279 3656 2504 3732 libros
2533 3660 2631 3733 ad

493 3787 938 3873 Herennium
982 3810 1021 3855 a
1059 3780 1449 3855 Cornificio
1481 3784 1795 3879 scriptos
1838 3806 2015 3855 esse.

589 3944 622 3981 α
661 3908 965 4001 Quintil.
1007 3912 1100 3993 V,
1161 3931 1285 3993 10,
1341 3934 1382 3977 2
1425 3933 1441 3975 :
1477 3936 1513 3971 ιι
1538 3904 2019 4002 Enthymema
2196 3905 2631 3993 Cornificius

495 4036 938 4117 contrarium
979 4029 1362 4127 appellat».
1403 4027 1617 4125 Apud
1664 4034 1739 4101 A,
1784 4028 1873 4099 ad
1918 4033 2084 4099 Her.
2127 4032 2252 4118 IV,
2284 4033 2411 4116 ιδ,
2447 4029 2623 4129 legi-
