2982 4682
816 380 939 447 DE
988 370 1595 467 INVENTIONE,
1645 383 1916 451 LIBER
1957 385 2026 468 I,
2074 405 2190 451 20.
2440 382 2582 455 315

432 500 563 571 Illa
598 515 841 570 autem
886 500 1238 588 narratiO,
1280 527 1440 597 quae
1485 518 1810 573 versatur
1847 507 1922 573 in
1961 505 2328 601 personis,
2379 508 2573 602 ejus-

434 609 637 683 modi
668 624 811 697 est,
850 624 927 680 ut
964 612 1039 679 in
1078 634 1159 680 ea
1198 612 1411 682 simul
1445 637 1610 683 cum
1648 612 1862 685 rebus
1901 616 2074 712 ipsis
2101 640 2574 712 personarum

436 743 807 791 sermones
844 734 915 790 et
947 720 1165 789 animi
1201 722 1511 819 perspici
1547 726 1856 819 possint,
1893 722 2034 795 hoc
2067 724 2331 796 modo:

674 869 849 928 Venit
871 868 945 927 ad
974 890 1065 927 me
1086 882 1108 919 ⁷
1137 889 1291 948 saepe
1314 871 1644 945 clamitans,
1668 872 1822 945 Quid
1852 873 2002 951 agiS,
2026 875 2236 933 Mitio?

675 964 795 1021 Cur
820 961 1015 1040 perdis
1044 961 1469 1021 adolescentem
1495 963 1698 1022 nobis?
1726 986 1832 1023 cur
1863 968 2057 1023 amat?

677 1058 798 1113 Cur
823 1056 1025 1132 potat?
1052 1074 1156 1112 cur
1189 1068 1253 1113 tu
1282 1056 1373 1113 his
1404 1056 1578 1116 rebus
1610 1072 1904 1136 sumptum
1933 1060 2222 1137 suggeris?

675 1146 898 1205 Vestitu
923 1147 1105 1205 nimio
1132 1148 1395 1226 indulges
1414 1196 1429 1221 ‚
1460 1150 1700 1210 nimium
1724 1151 1963 1230 ineptus
1983 1171 2061 1210 es,

676 1240 933 1297 Nimium
962 1241 1089 1319 ipse
1121 1240 1300 1299 durus
1316 1238 1411 1299 'est
1432 1244 1455 1281 ⁸
1486 1254 1702 1321 praeter
1731 1262 2078 1321 aequumque
2107 1255 2167 1300 et
2191 1242 2430 1301 bonum.

440 1396 592 1462 Hoc
636 1392 710 1461 in
763 1416 1027 1491 genere
1074 1394 1502 1464 narrationis
1547 1395 1769 1465 multa
1814 1396 2050 1465 inesse
2106 1393 2324 1466 debet
2375 1392 2572 1465 festi-

437 1502 677 1589 vitasv,
697 1498 1026 1572 confecta
1061 1527 1150 1573 ex
1182 1527 1425 1573 rerum
1460 1506 2250 1590 varietate,animorum
2271 1504 2574 1576 dissimi-

439 1609 1145 1707 litudine,gravitate
1167 1666 1185 1699 ,
1220 1611 1618 1702 lenitatem,
1657 1638 1823 1712 spe,
1861 1631 2095 1702 mem,
2125 1616 2570 1713 suspicione,

442 1720 833 1809 desiderio,
872 1720 1479 1811 dissimulatione,
1524 1750 1807 1811 errore,
1855 1724 2375 1812 misericordia,
2424 1723 2574 1795 for-

443 1845 635 1902 tunae
697 1836 1292 1922 commutatione,
1353 1838 1722 1933 insperato
1775 1836 2280 1924 incommodo,
2341 1834 2580 1906 subita

440 1940 716 2030 laetitia,
772 1943 1100 2038 jucundo
1152 1948 1349 2014 exitu
1406 1970 1671 2016 rerum.
1736 1950 2008 2017 Verum
2072 1945 2226 2017 haec
2284 1970 2368 2016 ex
2433 1944 2578 2033 his,

442 2076 601 2150 quae
651 2067 902 2149 postea
956 2052 1047 2123 de
1102 2054 1514 2125 elocutione
1564 2058 2098 2153 praecipientur,
2153 2070 2576 2127 ornamenta

442 2176 842 2233 sumentur.
885 2161 1065 2257 (xx.)
1098 2166 1312 2235 Nunc
1362 2163 1453 2235 de
1503 2166 1916 2236 narratione
1968 2188 2087 2252 ea,
2140 2189 2300 2261 quae
2351 2188 2576 2235 causae

441 2275 768 2344 continet
801 2273 1327 2370 expositionem
1350 2329 1368 2360 ,
1408 2272 1802 2345 dicendum
1835 2273 2142 2345 videtur.

535 2387 692 2453 XX.
720 2386 1029 2479 Oportet
1059 2384 1277 2479 igitur
1310 2407 1466 2454 eam
1507 2399 1652 2455 tres
1692 2383 1962 2454 habere
2000 2409 2154 2454 res:
2187 2399 2268 2454 ut
2303 2383 2578 2468 breviS,

442 2506 527 2603 ut
576 2505 855 2588 aperta,
906 2507 988 2563 ut
1038 2491 1432 2588 probabilis
1495 2497 1662 2564 sit1.
1709 2497 1948 2564 Brevis
2001 2496 2174 2580 erit,
2223 2495 2316 2579 si,
2381 2492 2576 2564 unde

440 2625 731 2674 necesse
772 2617 909 2689 est,
940 2601 1107 2673 inde
1152 2605 1435 2674 initium
1493 2619 1846 2692 sumetur,
1883 2619 1956 2674 et
1997 2629 2144 2675 non
2187 2603 2279 2674 ab
2319 2603 2578 2674 ultimo

519 2849 563 2893 7.
590 2833 739 2883 Venit
757 2833 831 2882 ad
850 2849 943 2882 me.
962 2835 1003 2882 E
1028 2837 1225 2883 Terent.
1250 2833 1465 2898 Adelph.
1556 2845 1608 2881 ta
1624 2835 1776 2882 inesse
1797 2809 1938 2881 deber
1935 2833 2206 2900 festivitas.
2226 2835 2301 2884 cf.
2327 2838 2444 2884 Her.
2461 2839 2484 2882 1
2500 2871 2517 2898 ‚
2531 2838 2584 2886 8.

445 2915 492 2970 1,
511 2928 535 2961 1
552 2949 567 2975 ,
589 2913 739 2976 35-39
752 2949 765 2972 ,
782 2912 868 2960 nbi
890 2913 1039 2961 Mitto
1059 2929 1222 2960 secum
1240 2912 1343 2978 ipse
1362 2913 1467 2962 col·
1635 2927 1712 2960 ιο.
1735 2912 1980 2961 Lenitate.
2016 2910 2213 2960 Schiitz.
2244 2913 2326 2960 dat
2367 2913 2583 2975 levitate,

442 2992 649 3056 loqu-s
661 3030 676 3055 ,
697 2993 759 3041 de
784 2993 957 3054 fmtre,
990 2993 1129 3053 cujus
1146 2991 1302 3040 filium
1320 2993 1468 3040 habe-
1555 3003 1758 3054 propter
1779 2991 2060 3054 oppositum
2075 2990 2316 3055 gravitate
2331 3027 2345 3050 ,
2365 2993 2497 3040 etita
2511 3003 2584 3041 est

442 3071 529 3120 bst
544 3073 651 3136 ipse
669 3072 867 3131 caelehs,
894 3072 1131 3136 loquitur.
1154 3075 1332 3121 Wrrz.
1555 3071 1608 3116 in
1645 3069 1786 3116 libris
1811 3069 1873 3117 ad
1905 3073 2118 3118 Herenn.
2151 3074 2198 3130 1,
2225 3072 2275 3118 8.
2303 3073 2479 3120 Monet
2507 3082 2582 3120 tn-

517 3151 565 3199 8.
598 3149 807 3198 Nimium
830 3150 931 3215 ipse
948 3152 1099 3198 durus
1124 3163 1209 3198 est.
1228 3150 1462 3200 Oudend.
1555 3163 1664 3196 men
1689 3149 1956 3197 Wetzelins
1981 3149 2096 3196 ferri
2133 3165 2278 3213 posse
2313 3150 2517 3210 lenitas,
2545 3151 2586 3198 si

444 3229 581 3278 malit
610 3247 639 3278 e
670 3231 793 3278 MSS
826 3231 927 3278 suis
961 3230 1174 3294 (quibus
1206 3233 1339 3280 Cass.
1362 3233 1461 3280 Gu.
1553 3228 1850 3282 intellexeris
1879 3227 2038 3278 animi
2067 3229 2320 3293 gravitas,
2344 3247 2497 3293 quum
2524 3229 2586 3277 sit

446 3311 759 3358 consentiunt
774 3345 789 3371 ,
823 3309 917 3357 nisi
945 3309 1081 3373 quod
1112 3326 1236 3357 unus
1260 3321 1463 3373 uterque
1553 3307 1687 3371 apud
1703 3308 2120 3369 Aristotelem‚11‚
2143 3325 2158 3355 ι
2173 3325 2200 3370 7
2219 3307 2452 3376 τβαρὺτης
2463 3306 2584 3359 ἐστὶν

446 3405 496 3436 es
520 3386 672 3435 durus
696 3386 875 3452 habet)
896 3386 997 3449 ipse
1016 3398 1092 3435 ese
1107 3387 1277 3446 durus,
1296 3399 1351 3435 ut
1372 3388 1465 3436 suit
1553 3387 1584 3442 ἦ
1611 3385 1834 3454 σεμνότης
1851 3385 2078 3454 μαλακὴ,
2107 3383 2190 3437 καὶ
2222 3385 2473 3455 εὐσχήμων
2501 3386 2591 3450 βα.-

446 3468 590 3516 etiam
614 3467 667 3514 in
696 3467 788 3516 MS
832 3477 989 3514 vetere
1014 3467 1258 3525 Terentii,
1287 3466 1465 3514 edidit·
1559 3466 1721 3534 ρὺτ-ης.

447 3562 543 3611 que
567 3548 619 3595 h.
642 3545 679 3593 l.
704 3546 980 3594 Lambinus.
1008 3547 1069 3594 Et
1095 3547 1167 3592 sic
1188 3561 1356 3592 versus
1386 3544 1467 3592 di·
1629 3549 1750 3596 XX.
1791 3561 1832 3594 t.
1870 3547 1930 3593 Ue
1969 3545 2124 3594 brevis
2144 3581 2159 3606 ,
2203 3557 2260 3594 m
2296 3559 2496 3611 aperta,
2539 3557 2594 3594 tet

448 3627 635 3674 mensio
674 3625 865 3672 facilior
904 3634 991 3672 est.
1026 3624 1123 3673 Sed
1161 3625 1304 3672 etiam
1332 3625 1470 3674 elisio
1555 3624 1826 3690 probabilis
1838 3625 2010 3674 sines.
2041 3627 2255 3673 Herenn.
2273 3628 2328 3687 1,
2347 3643 2396 3689 9,
2413 3626 2499 3674 ubi
2516 3637 2593 3674 est

445 3715 613 3769 potest
635 3720 737 3753 esse
754 3704 806 3751 in
826 3704 999 3762 durus,
1020 3713 1076 3750 ut
1094 3719 1206 3751 cum
1218 3715 1293 3752 est
1308 3716 1473 3759 coeat,
1561 3705 1724 3752 brevis
1740 3739 1755 3762 ,
1787 3703 2000 3752 dilucida
2017 3739 2032 3762 ,
2077 3704 2364 3752 verisimilis.
2403 3707 2584 3754 Wrrz.

457 3795 513 3832 ut
549 3784 675 3832 bene
702 3784 895 3831 monuit
918 3783 983 3831 ad
1016 3784 1297 3831 Terentium
1323 3785 1474 3832 Bent-
1566 3783 1824 3830 —Monet
1845 3785 1894 3832 J.
1916 3783 1978 3830 V.
2013 3783 2206 3831 Leclerc
2222 3781 2302 3829 hic
2329 3783 2596 3846 praesertim

452 3863 579 3912 leitis
591 3897 606 3922 ‚
623 3863 761 3923 cujus
784 3861 897 3909 libri
912 3861 1055 3910 etiam
1074 3863 1125 3908 in
1144 3861 1357 3910 lectione‘
1370 3864 1476 3912 vul·
1567 3861 1914 3910 conserendum
1937 3873 2198 3925 utrumque
2219 3860 2422 3920 librum,
2439 3877 2594 3924 quum

451 3951 557 4006 gata
588 3940 916 3989 consentiunt.
942 3941 1143 3991 Erun—
1162 3941 1253 3990 Cui
1272 3940 1475 3991 Schiitz.
1571 3957 1672 3989 non
1715 3951 1956 4005 praecepta
2009 3951 2198 3988 tantum
2243 3940 2550 3989 consentiant
2579 3976 2594 3998 ,

454 4020 737 4069 assentitur.
1573 4021 1658 4070 sed
1683 4032 1732 4068 et
1763 4035 1904 4067 voces
1939 4028 1990 4066 et
2013 4019 2292 4067 locutiones
2312 4018 2601 4084 plerumque

520 4115 571 4161 9.
599 4101 705 4148 Hoc
738 4098 789 4146 in
822 4115 1001 4162 genere
1035 4098 1336 4148 narrationis
1364 4100 1483 4148 mul-
1577 4100 1756 4148 eaedem
1783 4107 2064 4148 occurrant.
