2982 4682
537 341 560 386 ι
575 316 622 388 6
1216 315 1316 384 Μ.
1367 317 1445 384 Τ.
1500 317 1987 388 CICERONIS

519 459 802 510 causam
856 433 1252 522 habemus,
1316 434 1458 506 hoc
1498 449 1643 522 est,
1688 459 1919 532 quum
1962 438 2117 534 ipsa
2158 461 2275 510 res
2326 437 2653 510 animum

519 550 870 623 auditoris
901 575 942 641 ξι
979 545 1196 620 nobis
1226 546 1525 634 alienat3
1559 561 1685 619 aut
1722 572 1951 645 quum
1984 550 2270 622 animus
2306 549 2655 622 auditoris

515 684 905 760 persuasus
947 657 1238 731 videtur
1271 681 1424 730 esse
1460 657 1553 728 ab
1590 659 1675 730 iis
1694 655 1749 746 ³,
1788 659 1919 756 qui
1956 675 2127 731 ante
2172 675 2429 733 contra
2462 658 2657 734 dixe-

512 786 688 844 runt
703 775 762 859 ⁴3
798 785 926 844 aut
957 793 1190 866 quum
1222 763 1547 841 defessus
1582 783 1691 841 est
1725 792 1854 842 eos
1889 768 2253 843 audiendo
2276 825 2297 860 ‚
2326 772 2657 869 quiante

513 881 880 954 dixerunt.
943 881 1015 952 Si
1069 903 1281 950 causa
1333 877 1860 976 turpitudinem
1920 878 2225 952 habebit
2248 935 2267 969 ,
2340 880 2659 952 exordiri

515 994 916 1091 poterimus
955 990 1069 1061 his
1122 987 1527 1060 rationibus
1560 1016 1577 1060 :
1630 1015 1787 1061 rem
1809 1044 1831 1081 ‚
1878 1015 2029 1063 non
2067 990 2488 1077 hominem3
2530 1005 2659 1064 aut

519 1103 890 1176 hominem
909 1153 929 1187 ‚
977 1123 1130 1170 non
1163 1123 1322 1170 rem
1359 1103 1669 1198 spectari
1708 1116 2048 1199 oportere
2068 1098 2139 1171 5:
2180 1126 2332 1173 non
2372 1101 2657 1200 placere

517 1210 964 1309 nobisipsis,
993 1232 1156 1306 quae
1190 1205 1378 1280 facta
1400 1207 1741 1282 dicautur
1768 1209 1863 1282 ab
1903 1209 2327 1284 adversariis
2343 1263 2363 1300 ,
2390 1224 2463 1284 et
2500 1235 2657 1284 esse

520 1322 816 1418 indigna
860 1334 986 1390 aut
1045 1315 1339 1390 nefaria.
1385 1319 1669 1392 Deinde
1717 1345 1951 1419 quum
1994 1319 2124 1393 diu
2172 1333 2327 1392 rem
2368 1323 2657 1408 auxeriss

524 1457 690 1504 mus
715 1485 736 1518 ,
767 1429 954 1501 nihil
989 1429 1222 1502 simile
1265 1454 1308 1500 a
1350 1428 1566 1501 nobis
1608 1428 1933 1504 factum⁶
1988 1431 2494 1520 ostendemus;
2531 1447 2660 1503 aut

517 1540 932 1638 aliquorum
965 1537 1320 1636 judicium
1353 1538 1444 1612 de
1479 1540 1696 1613 simili
1731 1565 1945 1612 causa
1968 1595 1987 1629 ‚
2023 1557 2150 1615 aut
2182 1540 2273 1613 de
2310 1541 2563 1614 eadem
2582 1553 2609 1598 ⁷
2636 1595 2658 1630 ‚

519 1666 644 1721 aut
675 1649 766 1721 de
799 1653 1078 1720 minore
1098 1704 1118 1734 ,
1147 1665 1274 1721 aut
1315 1649 1405 1722 de
1439 1650 1714 1746 majore
1748 1649 2222 1749 proferemus,
2252 1649 2536 1724 Deinde
2562 1651 2659 1724 ad

518 1773 1164 1832 nosuamcausam
1201 1759 1649 1857 pedetentim
1691 1760 2151 1848 accedemus,
2204 1777 2279 1833 et
2318 1762 2655 1833 similitu-

517 1869 764 1940 dinem
803 1865 1280 1940 conferemus,
1329 1876 1515 1942 Item
1552 1870 1613 1941 si
1654 1865 2163 1968 negabimus⁸‚
2216 1895 2350 1942 nos
2386 1869 2478 1943 de
2526 1869 2659 1944 ad-

515 1981 874 2068 versariiS‚
893 1993 1021 2049 aut
1055 1977 1146 2050 de
1177 1979 1418 2076 aliqua
1450 2005 1530 2052 re
1571 1978 1941 2053 dicturos9
1960 2037 1981 2070 ,
2010 1997 2083 2053 et
2102 1995 2345 2054 tamen
2372 1981 2658 2054 occulte

515 2255 586 2268 --
611 2224 854 2292 Principio
879 2225 954 2272 un·
975 2241 1026 2272 a.
1047 2239 1100 2287 p.
1128 2224 1188 2273 Id
1214 2235 1288 2274 est
1303 2260 1318 2285 ,
1342 2225 1535 2274 exordii
1621 2237 1863 2290 oportere.
1904 2227 2097 2276 Iudicat
2142 2227 2435 2275 Gulielmius
2478 2238 2659 2276 restare

515 2321 690 2373 genere
723 2319 783 2353 eo
799 2339 815 2365 ,
849 2303 984 2369 quod
1015 2303 1304 2369 prooemium
1337 2303 1433 2353 dici
1439 2316 1537 2369 tur,

513 2406 563 2438 e.
594 2395 646 2443 4.
683 2385 780 2435 Sed
805 2384 1131 2433 insinuatione
1155 2383 1308 2431 modo
1325 2420 1344 2447 ,
1372 2379 1533 2453 ‘9689

515 2486 562 2515 v.
583 2466 692 2514 init.
711 2480 755 2511 c.
774 2480 823 2523 7.

585 2547 637 2595 3.
675 2541 880 2590 Videtur
903 2556 1004 2589 esse
1026 2542 1090 2587 ab
1117 2540 1191 2589 iis.
1218 2562 1244 2583 ιι
1262 2542 1375 2589 Esse
1401 2541 1538 2590 vide-

521 2636 600 2673 tur
619 2645 643 2665 ιι
669 2620 784 2669 ΔΜ.
809 2619 886 2666 Ab
905 2618 1009 2679 lais,
1031 2618 1111 2667 ed.
1137 2619 1293 2679 1476.

597 2711 645 2758 4.
679 2698 775 2762 Qui
799 2708 918 2746 ante
943 2708 1117 2746 comm
1145 2698 1398 2747 dixerunt.
1424 2699 1542 2750 Sch-

521 2780 650 2831 delet
665 2788 808 2833 ante,
831 2786 890 2825 ut
911 2778 1154 2838 otiosum3
1171 2787 1221 2825 et
1243 2778 1356 2841 quis
1373 2778 1546 2828 melius

519 2869 844 2927 opponuntur
863 2879 886 2901 ι
907 2858 996 2922 qui
1013 2868 1184 2906 contra
1206 2856 1436 2907 dixerunt
1451 2859 1513 2907 iis
1526 2892 1543 2921 ,

520 2942 607 3007 qui
627 2949 739 2987 ante
763 2936 992 2985 dixerunt
1017 2958 1059 2985 a.
1085 2936 1188 2985 Illis
1209 2934 1543 3001 potestjudex

521 3033 777 3085 persuasus
795 3049 812 3074 ,
835 3016 912 3063 his
933 3016 1150 3065 defessus
1177 3032 1300 3066 esse.

595 3099 642 3145 5.
673 3098 822 3154 Rem,
850 3110 950 3141 non
979 3092 1252 3151 hominem
1282 3106 1372 3142 aut
1389 3094 1544 3143 homi-

517 3194 631 3225 nem
645 3210 662 3233 ‚
695 3190 791 3221 non
816 3189 916 3221 mm
941 3173 1154 3237 specta'n‘
1175 3186 1418 3238 oportere.
1449 3176 1541 3225 Ed.

521 3255 657 3304 Med.
697 3263 746 3301 et
783 3249 861 3301 ed.
904 3252 1065 3313 1476,
1109 3275 1133 3293 ‹-
1151 3252 1399 3301 hominem
1439 3268 1543 3303 non

519 3350 622 3386 rem
640 3368 656 3394 ‚
688 3346 789 3379 rem
817 3346 916 3378 non
949 3327 1197 3378 hominem
1225 3347 1265 3381 s.
1301 3347 1349 3381 ο.
1370 3352 1426 3391 ιο,
1450 3333 1547 3383 nisi

518 3412 658 3480 quod
675 3409 755 3459 ed.
779 3410 911 3469 1476
923 3443 937 3468 ,
956 3408 1194 3474 hospitem
1212 3426 1305 3475 pro
1326 3412 1545 3462 secundo

519 3489 775 3541 hominem.
816 3514 887 3523 —-
922 3510 948 3531 α
973 3490 1075 3537 Aut
1114 3489 1365 3537 homiuem
1387 3523 1402 3550 ,
1441 3506 1542 3539 nou

521 3587 622 3619 rem
643 3590 684 3615 u.
707 3568 824 3613 Haec
856 3564 1036 3613 absunt
1066 3582 1094 3613 a
1121 3566 1234 3613 cod.
1262 3569 1466 3617 Putean.
1494 3580 1545 3617 et

517 3650 646 3698 Pith.
684 3646 748 3692 Et
786 3644 1002 3691 Pithoeus
1040 3644 1248 3707 glossam
1291 3662 1318 3692 a
1359 3648 1541 3695 recenti

517 3743 662 3777 manu
711 3722 984 3787 appositam
1035 3720 1258 3784 putabat.
1285 3772 1290 3779 ,
1314 3726 1541 3773 Genuiuu

513 3822 673 3859 tamen
717 3802 861 3851 uobis
898 3798 1144 3857 videntur,
1182 3816 1290 3863 quae
1331 3804 1438 3852 Cic.
1478 3805 1541 3851 de

516 3893 706 3935 Invent-
746 3884 797 3933 1,
845 3894 926 3937 ις,
955 3880 1008 3923 in
1043 3876 1209 3925 eadem
1241 3894 1381 3926 causa
1416 3880 1539 3930 dicit

516 3992 540 4009 .
553 3976 636 4014 aut
652 3977 744 4028 pro
765 3976 816 4005 re
827 3956 1076 4003 homiuem
1091 3990 1104 4011 ,
1125 3964 1208 4002 aut
1225 3973 1320 4021 pro
1339 3958 1537 4009 homine

515 4061 616 4095 rem
653 4044 963 4101 interponere
985 4054 1024 4081 ι.
1063 4034 1182 4082 Seu.
1220 4062 1289 4072 —
1317 4036 1541 4102 Spectari

1622 2305 1675 2354 in
1710 2304 1862 2354 Bruil.
1899 2317 2211 2371 exspectare,
2260 2307 2395 2371 quod
2439 2318 2489 2356 et
2534 2307 2660 2357 mihi

1624 2398 1872 2451 repertum
1924 2388 1973 2434 in
2018 2387 2123 2435 Pal.
2174 2404 2249 2451 pr.
2298 2404 2396 2437 sec.
2435 2399 2613 2452 quarto
2638 2422 2657 2449 ,

1624 2474 1764 2513 sexto
1779 2498 1793 2523 ,
1816 2474 1865 2513 et
1883 2465 1953 2513 sie
1972 2480 2103 2529 sepe
2122 2481 2405 2529 expressum
2430 2466 2485 2513 in
2510 2466 2658 2514 bonis

1622 2524 1906 2591 auctor-ibai
1924 2576 1939 2603 ,
1966 2542 2027 2591 de
2044 2558 2145 2607 quo
2164 2559 2257 2592 nos
2282 2543 2474 2609 integro
2494 2544 2655 2611 capite
2757 2540 2765 2548 ’

1632 2620 1685 2668 in
1702 2620 1840 2669 libris
1856 2622 2209 2687 suspicionum.
2236 2624 2407 2671 Gau-r.

1704 2700 1755 2747 6.
1794 2704 1845 2749 Α
1878 2700 2020 2749 nobis
2038 2700 2238 2766 factum
2272 2718 2321 2749 o.
2346 2724 2371 2743 a
2398 2706 2598 2750 Factum
2619 2722 2655 2753 n

1631 2777 1777 2826 nobis
1800 2802 1826 2821 a·
1849 2779 1967 2829 cod.
1992 2782 2123 2847 Aug.
2158 2803 2183 2823 a
2202 2785 2400 2829 Factum
2431 2797 2533 2829 esse
2558 2797 2608 2833 0.
2627 2806 2656 2824 ι·

1632 2856 1716 2906 ed.
1744 2859 1892 2919 1476.

1704 2954 1751 2997 7.
1774 2940 1880 2984 Aut
1900 2938 1965 2987 de
1980 2938 2171 2987 eadem.
2195 2940 2358 2987 Burm.
2380 2950 2493 3003 post
2512 2939 2653 2988 Grae-

1632 3014 1765 3063 vium
1781 3015 1899 3082 legit
1919 3039 1945 3059 κ
1959 3016 2021 3066 de
2039 3017 2206 3069 eadem
2224 3034 2276 3066 re
2295 3040 2337 3067 υ.
2356 3018 2491 3067 Nihil
2510 3033 2654 3085 opus.

1632 3094 1707 3143 Cf.
1738 3096 1848 3147 Cic.
1870 3097 1933 3147 de
1956 3100 2067 3148 Inv.
2089 3101 2114 3146 1
2131 3132 2148 3159 ,
2184 3115 2261 3161 ¹7-
2289 3100 2404 3147 Sca.

1704 3174 1753 3220 8.
1779 3177 1901 3223 Item
1924 3175 1967 3224 si
1982 3176 2275 3243 negabimus.
2302 3168 2498 3226 Schiitz.
2523 3174 2654 3225 delet

1629 3252 1689 3300 si.
1742 3256 2004 3321 Propterea
2020 3292 2037 3319 ,
2079 3256 2217 3319 quod
2261 3256 2653 3304 antecedentium

1634 3334 1960 3383 membrorum
1994 3335 2347 3383 constructioni
2386 3350 2490 3381 non
2530 3351 2653 3382 con-

1634 3414 1782 3461 venit.

1703 3507 1753 3553 9.
1784 3490 1894 3539 Aut
1915 3490 1980 3537 de
2000 3489 2173 3555 aliqua
2201 3505 2253 3537 re
2277 3488 2507 3540 dicturos.
2538 3494 2654 3542 Seh.

1630 3569 1768 3618 addit
1803 3585 1973 3618 eorum
2012 3581 2125 3618 unte
2170 3568 2399 3616 dictums.
2441 3572 2652 3631 Eorum,

1630 3648 1819 3711 iuquit,
1846 3647 1979 3694 abest
2005 3663 2032 3693 a
2063 3646 2282 3711 pluribus
2315 3648 2428 3697 cod.
2464 3648 2486 3715 (
2508 3652 2651 3700 etiam

1628 3724 1689 3771 nb
1724 3724 1893 3790 Aug.)
1919 3725 2052 3773 Idem
2090 3726 2317 3791 displicet
2360 3730 2572 3778 Grutero
2603 3746 2655 3781 et

1629 3804 1843 3851 Groevio.
1867 3806 2058 3854 Ernesti
2083 3803 2289 3867 delevit,
2316 3822 2376 3855 uc
2394 3808 2651 3859 admonito

1627 3882 1822 3947 quidem
1843 3884 2042 3933 lectore.
2061 3886 2157 3934 Sed
2173 3886 2339 3935 abesse
2357 3905 2459 3937 non
2480 3889 2651 3955 debet,

1625 3962 1760 4027 quod
1778 3963 1853 4011 vel
1877 3981 1903 4011 e
1924 3964 2070 4011 simili
2090 3965 2219 4027 loco,
2243 3967 2348 4016 Cic.
2371 3968 2433 4016 de
2455 3972 2647 4020 Invent.

1624 4044 1675 4103 1,
1706 4058 1785 4105 17,
1809 4044 2098 4109 intelligitur
2118 4062 2132 4094 τ
2162 4068 2187 4088 ··
2205 4057 2255 4096 et
2280 4058 2485 4112 negante
2507 4049 2653 4112 quid·
