2982 4682
705 375 832 445 An
872 375 1454 460 ΗΕΒΕΝΝῙΠΜ,
1504 375 1767 444 LIBER
1818 375 1941 463 lv,
1991 375 2106 463 42.
2322 372 2459 460 245

340 501 562 596 (nam
605 496 678 567 id
708 496 1002 593 quidem
1039 497 1446 568 obtundere
1493 497 1893 568 auditorem
1934 511 2083 582 est,
2122 523 2267 569 non
2310 525 2461 571 rem

343 607 766 704 expolire),
809 606 932 678 sed
978 621 1436 678 commutate.
1487 605 2113 678 Commutabimus
2168 611 2466 708 tripiici-

342 733 474 802 ter‚
515 715 757 786 verbis
777 770 798 804 ‚
843 715 1424 814 pronuntiando,
1462 716 1841 787 tractando
1859 728 1910 786 ².
1969 716 2221 788 Verbis
2276 743 2467 788 com·

343 825 822 912 mutabimus,
857 851 1126 922 quum,
1161 851 1242 898 re
1308 827 1527 898 semel
1572 825 1795 920 dicta,
1826 831 2127 916 iterum,
2170 841 2293 898 aut
2342 853 2467 899 sfe-

347 937 510 1033 pius
543 935 696 1006 aliis
723 932 960 1005 verbis
980 989 1000 1020 ,
1039 959 1197 1032 quae
1226 934 1416 1007 idem
1445 935 1727 1007 valeant
1747 989 1767 1020 .,
1814 935 2061 1006 eadem
2100 961 2213 1007 res
2237 935 2471 1033 profe-

347 1058 570 1130 retur,
607 1044 752 1116 hoc
797 1043 1017 1116 modo
1067 1071 1082 1114 :
1139 1046 1497 1118 «Nullum
1554 1058 1833 1116 tantum
1880 1059 1987 1116 est
2033 1046 2472 1142 periculum,

354 1155 553 1252 quod
588 1156 872 1252 sapiens
912 1179 1048 1252 pro
1089 1156 1312 1227 salute
1359 1156 1607 1252 patriae
1652 1153 2023 1224 vitandum
2063 1154 2473 1226 arbitretur.

357 1267 604 1355 Quum
663 1279 915 1361 agetur
976 1265 1434 1336 incolumitas
1481 1257 1885 1362 perpetua-³
1941 1263 2283 1351 civitatiS,
2351 1269 2475 1362 qui

349 1374 564 1446 bonis
608 1376 744 1446 erit
783 1373 1182 1445 rationibus
1223 1373 1599 1472 proeditu5‚
1632 1371 1961 1470 profecto
2002 1373 2285 1444 nullum
2322 1376 2479 1444 vitae

356 1484 740 1556 discrimen
774 1483 910 1554 sibi
944 1508 1082 1581 pro
1120 1482 1424 1555 fortunis
1451 1482 1869 1582 reipublicae
1901 1480 2323 1578 fugiendum
2354 1507 2485 1580 pu-

353 1595 569 1681 tabit3
608 1609 679 1666 et
718 1597 853 1666 erit
901 1595 974 1664 in
1031 1619 1114 1664 ea
1171 1598 1523 1666 sententia
1568 1617 1874 1692 semper,
1922 1607 2004 1664 ut
2056 1615 2191 1691 pro
2253 1594 2479 1691 patria

352 1704 701 1790 studiose,
723 1705 1096 1800 quamvisff·
1137 1708 1208 1773 in
1240 1728 1568 1800 magnam
1606 1701 1993 1774 descendat
2018 1706 2177 1773 vitae
2207 1702 2482 1774 dimica·

353 1820 624 1890 tionem
659 1849 716 1887 n.
785 1817 1337 1889 Pronuntiando
1393 1817 2037 1905 commutabimuS,
2084 1818 2141 1887 si
2199 1831 2354 1887 tum
2408 1818 2482 1886 in

359 1951 730 2010 sermone,
769 1939 924 1996 tum
977 1929 1054 1996 in
1091 1928 1482 1999 acrimonia
1499 1925 1555 2015 ⁵,
1598 1941 1753 1998 tum
1795 1931 1867 1996 in
1906 1925 2046 1997 alio
2083 1941 2301 2023 atque
2346 1926 2485 1998 alio

355 2061 618 2132 genere
640 2037 834 2108 vocis
853 2051 1071 2133 atque
1101 2051 1374 2133 gestus,
1405 2036 1653 2108 eadem
1682 2036 1921 2108 verbis
1947 2033 2485 2119 commutand0‚

363 2141 1078 2244 pronuntiationem⁶
1147 2170 1448 2242 quoque
1512 2145 2009 2216 vehementius
2072 2143 2484 2247 immutabi-

359 2280 540 2326 mus,
578 2259 734 2326 Hoc
777 2279 1016 2352 neque
1053 2255 1633 2340 commodissime
1674 2254 1891 2326 scribi
1937 2267 2211 2351 potest,
2244 2277 2485 2350 neque

361 2389 608 2463 parum
638 2377 744 2433 est
769 2380 1099 2461 apertum
1133 2392 1148 2434 ε
1182 2388 1407 2461 quare
1448 2390 1595 2435 non
1632 2380 1793 2462 eget
1819 2364 2152 2463 exempli.
2193 2364 2433 2459 (κιαι.
2460 2372 2484 2459 j)

359 2478 676 2544 Tertium
731 2498 958 2571 genus
1012 2490 1118 2546 est
1171 2476 1758 2547 commutationis
1786 2530 1804 2562 ‚
1861 2474 2062 2572 quod
2115 2474 2487 2545 tractando

363 2581 812 2667 conficitur⁷‚
861 2588 919 2653 si
957 2585 1382 2656 sententiam
1433 2586 1872 2679 trajiciemus
1917 2600 2040 2655 aut
2078 2582 2169 2653 ad
2214 2606 2488 2653 sermo-

365 2695 838 2779 cinationem,
882 2709 1006 2764 aut
1051 2693 1136 2764 ad
1178 2688 1828 2766 exsuscitationem.

437 2868 485 2900 ι.
519 2852 811 2901 Tractando.
837 2854 1156 2903 Tra-*lucendo
1181 2852 1377 2902 Schiitz.

367 2932 445 2980 Cf.
466 2942 572 2979 not.
593 2928 656 2978 ed
683 2948 725 2978 c.
747 2932 832 2986 43.

439 3012 486 3057 3.
511 3012 666 3073 Quum
692 3020 868 3075 agetur
891 3010 1194 3059 incolumitas
1211 3026 1377 3075 perpe·

369 3100 474 3137 enea.
501 3089 580 3135 Sic
599 3090 774 3137 Noster
790 3101 1020 3154 quarm„
1041 3106 1143 3138 non
1155 3076 1378 3155 augetrir,

369 3166 502 3231 quod
529 3168 578 3214 in
608 3168 814 3231 vulgetis
834 3169 1182 3233 posterioribus
1209 3181 1258 3217 et
1275 3169 1382 3231 ple-

370 3248 532 3310 risque
553 3248 692 3293 MSS.
720 3249 954 3297 Gaura.
976 3274 1046 3284 —
1063 3248 1220 3296 Valde
1247 3248 1386 3311 friget

369 3324 622 3388 epitheton
649 3336 876 3390 perpetua
897 3358 912 3385 ,
951 3326 1113 3389 itaque
1150 3342 1176 3373 a
1203 3327 1385 3391 glom-

370 3412 475 3451 tore
495 3401 712 3451 additum
732 3404 894 3451 eredo.
915 3405 1106 3452 Premri
1128 3403 1384 3451 incolumi·

371 3492 516 3530 tatem
542 3492 822 3547 perpetuam
841 3498 1125 3547 possumus,
1163 3482 1248 3531 sed
1284 3497 1384 3529 non

373 3562 424 3606 in
440 3560 532 3608 hae
547 3561 698 3607 forma
716 3560 832 3609 addi
849 3562 1074 3609 convenit
1092 3562 1188 3609 hoe
1206 3560 1388 3626 epithe-

373 3648 476 3686 ton.
503 3642 632 3688 En.
648 3666 715 3677 -—
733 3638 930 3688 Schiitz.
966 3642 1167 3689 omnino
1187 3640 1384 3689 delevit.

443 3727 490 3774 4.
543 3722 638 3765 Pro
679 3717 848 3783 patria
873 3718 1086 3767 studiose
1101 3756 1115 3777 ,
1153 3718 1385 3783 quamvis.

375 3795 514 3844 Haud
547 3798 685 3844 aliter
723 3812 891 3845 omnes
931 3797 1084 3846 nostri
1106 3814 1122 3859 ;
1153 3798 1188 3845 ii
1227 3808 1386 3845 tamen

374 3890 496 3935 qnos
515 3875 724 3923 cuntulit
743 3876 984 3924 Sum-idm
1000 3886 1181 3935 noster,
1202 3876 1388 3925 addunt

379 3968 542 4000 vocem
583 3978 606 3995 a
623 3954 840 4001 studione
883 3954 1071 4003 laboret
1085 3989 1101 4014 ,
1129 3957 1349 4019 quamvis
1365 3979 1388 3997 u

377 4046 476 4079 non
501 4034 784 4081 nee-esurio.
807 4034 976 4083 Gau-r.

449 4112 495 4158 5.
523 4114 639 4159 Tum
663 4111 713 4158 in
731 4128 950 4161 sermone
969 4147 985 4172 ,
1005 4124 1104 4161 eum
1119 4114 1168 4161 in
1186 4113 1390 4162 aer-imo·

1468 2854 1569 2903 nia.
1594 2854 1651 2903 ld
1682 2864 1783 2903 eet:
1804 2854 1907 2901 sive
1950 2852 2141 2899 remim
2178 2866 2301 2899 voce
2326 2850 2489 2915 loqui-

1469 2950 1579 2980 mur
1599 2968 1614 2992 ,
1659 2935 1759 2980 sive
1806 2948 1915 2979 eum
1953 2946 2127 2993 magna
2171 2930 2490 2979 contentione

1470 3011 1670 3075 agimus.

1546 3092 1596 3139 6.
1638 3088 2104 3137 Pronuntiationem.
2148 3089 2493 3137 Accusativmn

1473 3184 1567 3233 pro
1585 3168 1798 3217 ablativo
1818 3168 2011 3233 reposui
2028 3184 2055 3215 e
2076 3166 2211 3215 tibris
2239 3183 2333 3215 scr.
2362 3166 2493 3233 apud

1473 3246 1606 3297 Oud.
1628 3258 1675 3295 et
1696 3248 1901 3305 nostris,
1931 3246 2043 3295 edd.
2092 3246 2249 3308 1474,
2286 3246 2493 3294 Mediol.

1473 3342 1549 3391 pr.
1578 3326 1712 3389 quod
1738 3326 1791 3373 in
1810 3326 1977 3389 primia
2000 3324 2201 3372 verbum
2233 3324 2497 3373 vehemen-

1475 3404 1569 3452 tius
1600 3404 1830 3467 requirit,
1864 3403 2001 3467 quod
2028 3402 2090 3450 ad
2130 3405 2495 3467 pronuntiatIo-

1475 3498 1584 3531 nem
1610 3483 1879 3530 necessario
1898 3482 2120 3531 refertur.
2139 3484 2499 3545 Eum—Quem

1475 3558 1731 3610 Schiitzius
1748 3570 1979 3624 sequutus
2002 3571 2091 3609 est.
2110 3560 2349 3624 Equidem
2372 3562 2496 3609 sete-

1475 3638 1569 3687 bor
1595 3639 1857 3688 ablativum
1882 3641 2033 3703 magis
2052 3640 2254 3703 placere.
2272 3640 2497 3687 Ceterum

1475 3733 1679 3781 quoquo
1704 3718 1856 3765 modo
1873 3717 2119 3782 scripserit
2135 3751 2150 3778 ,
2168 3715 2499 3781 pmm‘ma'an-

1476 3796 1542 3843 do
1564 3796 1853 3844 commutari
1888 3812 1941 3843 en
1965 3812 2074 3858 quae
2102 3792 2501 3859 pronunciaubne

1479 3875 1823 3933 immutantur,
1846 3874 1911 3920 ita
1934 3888 2101 3921 verum
2122 3883 2171 3920 et
2191 3872 2389 3936 planum
2408 3884 2499 3929 eet,

1479 3964 1533 4003 ut
1562 3970 1733 4017 parum
1757 3952 1895 4001 dieto
1920 3966 2047 4015 opu·
2068 3950 2231 3998 fuerit.

1555 4049 1601 4092 7.
1631 4030 1777 4094 Quod
1792 4026 2051 4078 tractando
2079 4027 2355 4096 corfieitur.
2386 4029 2503 4078 Sela.

1481 4111 1619 4175 quod
1638 4108 1939 4157 traducendo
1966 4104 2103 4170 conf.
2126 4108 2273 4173 Vulg.
2316 4108 2475 4173 inquit
2494 4142 2509 4169 ,
