2982 4682
1120 352 1459 421 TOPICA
1476 404 1496 439 ‚
1559 374 1582 421 1
1603 349 1666 421 5.
2325 354 2464 443 543

326 479 509 563 rior,
556 476 855 571 quintus
900 497 939 543 a
975 471 1365 573 dialecticis
1402 474 1668 546 modus
1709 476 2136 574 appellatur.
2183 482 2466 553 Deinde

326 589 604 661 addunt
646 588 1247 682 conjunctionum
1286 590 1738 687 negantiam,
1767 592 1916 661 sic:
1957 584 2170 663 Nou⁵
2215 610 2287 667 et
2325 596 2468 668 hoc

328 714 471 787 est,
508 713 583 771 et
618 698 839 784 illud3
870 697 1011 768 hoc
1046 712 1285 769 autem
1314 726 1335 786 ς
1363 725 1512 770 non
1547 702 1766 797 igitur
1800 700 1998 771 illud.
2033 705 2165 775 Hic
2201 706 2466 779 modus

328 824 437 881 est
484 823 749 881 sextus.
804 810 1167 905 Septimus
1212 823 1491 895 autem,
1547 814 1715 881 Non
1761 824 1833 881 et
1880 810 2020 882 hoc
2040 810 2097 898 ⁶,
2141 827 2211 882 et
2251 815 2468 899 illud3

329 944 481 989 non
507 934 747 991 autem
772 918 948 1005 hoc3
972 918 1155 989 illud
1178 920 1414 1016 igitur.
1444 924 1548 990 Ex
1577 919 1687 990 his
1711 920 1942 991 modis
1967 921 2470 997 conclusiones

330 1026 893 1099 innumerabiles
905 1044 1324 1118 nascuntur,
1341 1030 1417 1099 in
1438 1055 1588 1126 quo
1615 1044 1719 1100 est
1739 1027 2058 1101 fere-tota
2079 1030 2466 1103 dialectica.

328 1138 465 1210 Sed
503 1164 594 1209 ne
636 1164 736 1209 eae
770 1137 1102 1235 quidem,
1141 1162 1323 1235 quas
1362 1142 1704 1236 exposui,
1742 1138 1831 1209 ad
1860 1137 2048 1210 hanc
2078 1141 2470 1213 institutio·
2557 1225 2570 1237 ⁶

330 1273 497 1319 nem
536 1264 707 1320 sunt
739 1272 1170 1319 necessariae.

426 1363 579 1429 XV.
617 1359 799 1454 (xv.)
845 1360 1219 1429 Proximus
1266 1372 1377 1429 est
1415 1359 1620 1430 locus
1667 1382 1910 1430 rerum
1961 1357 2470 1447 efficientium,

329 1492 493 1565 quae
528 1492 755 1539 causae
789 1468 1291 1566 appellantur3
1338 1467 1602 1539 deinde
1635 1494 1882 1539 rerum
1917 1468 2336 1541 effectarum
2371 1469 2466 1541 ab

244 1576 251 1583 ’
332 1575 813 1648 efficientibus
857 1582 1109 1649 causis.
1157 1584 1427 1650 Harum
1464 1578 1794 1676 exempla
1820 1633 1840 1663 ,
1883 1595 1966 1651 ut
2019 1580 2468 1677 reliquorum

334 1686 661 1759 locorum
683 1742 703 1774 ‚
744 1689 988 1786 paullo
1025 1703 1191 1760 ante
1224 1691 1473 1787 posui,
1507 1703 1580 1759 et
1609 1688 1907 1785 quidem
1939 1715 2026 1759 ex
2048 1693 2212 1785 jure
2243 1691 2468 1763 civili:

332 1796 461 1867 sed
502 1796 657 1869 haec
694 1813 943 1894 patent
992 1798 1217 1869 latius,
1274 1802 1669 1869 Causarum
1721 1800 1939 1893 igitur
1995 1824 2262 1894 genera
2319 1799 2467 1872 duo

334 1921 545 1977 sunt:
593 1932 857 1991 unum,
888 1908 1084 2004 quod
1108 1912 1181 1978 vi
1216 1933 1346 1979 sua
1388 1905 1721 2003 id,quod
1768 1906 1906 1977 sub
1945 1932 2026 1978 ea
2065 1908 2470 2002 subjectum

334 2030 489 2104 est,
538 2034 739 2087 certo
782 2014 1071 2103 efficit¹‚
1108 2031 1193 2087 ut
1247 2018 1427 2113 ignis
1470 2016 1828 2100 accendit3
1875 2015 2214 2103 alterum,
2269 2015 2468 2116 quod

334 2140 665 2196 naturam
694 2122 1055 2196 efficiendi
1084 2151 1231 2197 uon
1258 2124 1482 2196 habet
1501 2135 1558 2214 ²,
1581 2124 1708 2197 sed
1735 2127 1890 2197 sine
1917 2152 2071 2222 quo
2101 2126 2290 2199 effici
2319 2156 2472 2201 non

334 2237 601 2331 possit:
624 2250 739 2322 ut,
767 2265 801 2301 α
824 2236 885 2306 si
903 2236 1065 2332 quis
1083 2260 1175 2307 aes
1198 2259 1480 2307 causam
1509 2249 1756 2305 statuae
1784 2234 1953 2307 velit
1981 2234 2245 2325 dicere,
2270 2239 2470 2334 quod

336 2346 489 2416 sine
536 2355 623 2417 eo
672 2373 821 2418 non
870 2349 1093 2444 possit
1139 2345 1400 2418 effici».
1456 2345 1690 2441 Hujus
1731 2349 2014 2444 generis
2058 2373 2471 2437 causarum,

335 2456 489 2527 sine
529 2481 679 2553 quo
718 2483 867 2529 non
897 2455 1229 2544 efficitur,
1255 2458 1393 2528 alia
1420 2471 1592 2530 sunt
1623 2460 1868 2555 quieta
1891 2514 1912 2548 ‚
1937 2457 2120 2528 nihil
2146 2460 2432 2556 agentia
2450 2515 2470 2546 ‚

335 2565 592 2637 stolida
634 2568 947 2664 quodam
999 2567 1271 2655 modo;
1310 2582 1392 2638 ut
1429 2568 1670 2652 locus,
1721 2583 2052 2665 tempuS‚
2103 2569 2422 2639 materiae
2451 2623 2471 2654 ‚

335 2675 807 2765 ferramenta,
864 2692 935 2749 et
993 2694 1230 2750 cetera
1281 2681 1562 2773 generis
1608 2677 1976 2773 ejusdem3
2032 2679 2170 2748 alia
2228 2691 2472 2748 autem

336 2785 939 2884 praecursionem³
985 2785 1371 2883 quamdam
1423 2785 1772 2888 adhibent
1818 2787 1912 2857 ad
1961 2785 2470 2875 efficiendum,

335 2912 409 2968 et
444 2896 771 2993 quaedam
804 2895 1117 2967 asserunt
1144 2921 1277 2994 per
1309 2921 1385 2966 se
1419 2897 1854 2990 adjuvantia,
1873 2898 2003 2968 etsi
2043 2921 2194 2966 non
2232 2921 2475 2968 neces-

336 3008 519 3076 saria
538 3059 557 3092 ‚
588 3019 669 3075 ut
706 3007 935 3074 amori
974 3007 1387 3102 congressio
1415 3029 1702 3076 causam
1729 3006 2090 3090 attulerit,
2127 3032 2332 3077 amor
2361 3006 2479 3078 fla-

336 3116 534 3212 gitio.
578 3117 681 3184 Ex
726 3113 866 3183 hoc
921 3138 1183 3208 genere
1228 3139 1646 3201 causarum,
1694 3140 1783 3186 ex
1841 3117 2238 3186 aeternitate
2295 3141 2474 3213 pen-

337 3225 703 3311 dentium,
749 3221 975 3294 satum
1030 3249 1071 3294 a
1125 3225 1367 3294 stoicis
1420 3227 1757 3296 nectitur.
1797 3229 2034 3324 Atque
2085 3240 2166 3297 ut
2223 3251 2474 3296 earum

330 3375 494 3434 justus
519 3382 617 3431 est,
653 3382 738 3420 aut
766 3369 1007 3435 injustum
1040 3385 1139 3418 non
1174 3379 1246 3418 est
1280 3385 1359 3418 nu·
1521 3385 1569 3420 2.
1599 3371 1844 3420 Naturam
1881 3369 2135 3438 effice’eadt'
2171 3387 2270 3418 non
2308 3370 2474 3421 habet.

334 3461 433 3500 tem
450 3451 610 3511 justus
630 3465 644 3498 τ
666 3465 783 3513 crgo
804 3459 877 3496 est
894 3449 1123 3510 injustus.
1153 3451 1333 3496 Patra-r.
1446 3447 1526 3496 sic
1541 3448 1662 3500 edd.
1685 3467 1762 3515 pr.
1785 3466 1890 3498 non
1913 3449 2124 3510 habeat,
2143 3450 2280 3514 qnod
2297 3451 2468 3498 locum

407 3531 457 3578 5.
488 3530 601 3578 Non
628 3540 678 3576 et
709 3530 803 3577 Ιιοσ
831 3540 916 3576 est.
944 3528 1234 3592 Exemplum
1259 3527 1354 3577 sit:
1446 3544 1552 3576 non
1571 3528 1733 3578 habet.
1759 3531 1887 3592 Quia
1911 3529 1963 3578 in
1981 3529 2135 3577 altero
2161 3529 2380 3579 membro
2399 3539 2472 3576 est

332 3611 451 3660 Non
464 3619 513 3656 et
524 3609 787 3669 ''n-tuaest,
800 3619 847 3655 et
860 3609 1183 3669 injustuszest
1202 3619 1363 3656 nutem
1444 3607 1630 3670 possit,
1657 3608 1790 3670 prius
1817 3610 1860 3654 ei
1883 3608 2314 3656 accommodavere
2341 3623 2354 3656 :
2388 3607 2477 3654 sed

328 3691 516 3751 justm3
532 3703 637 3736 nou
656 3688 809 3752 igitur
826 3687 1053 3749 injustus.
1082 3689 1269 3736 Pizus-r.
1450 3686 1506 3734 in
1526 3686 1678 3734 altero
1696 3701 1800 3733 non
1821 3688 1888 3734 ita
1906 3702 1997 3749 pro
2023 3695 2156 3734 certo
2179 3685 2472 3749 pronuntin-

404 3769 455 3818 6.
487 3767 603 3814 Non
624 3779 673 3814 ee
691 3767 799 3814 Ιιοσ.
824 3767 940 3814 Tale
963 3777 1038 3815 est
1060 3766 1185 3814 iilud
1210 3780 1223 3812 :
1256 3780 1357 3814 non
1452 3777 1550 3814 tur.
1591 3767 1676 3814 Est
1716 3766 2000 3814 Graecorum
2037 3765 2122 3813 οὐκ
2158 3761 2216 3813 ἂν
2257 3759 2474 3814 δύναιτο.

335 3859 385 3896 et
406 3849 569 3908 justu·
590 3857 693 3905 est,
721 3857 767 3892 et
794 3846 1035 3906 injustus:
1064 3861 1165 3894 non
1198 3858 1357 3895 autem
1523 3845 1569 3893 3.
1617 3842 1998 3891 Proecursionem
2038 3841 2308 3905 quamdam
2350 3841 2469 3890 adh.

336 3928 581 3989 iniustus:
610 3941 727 3990 ergo
750 3923 929 3994 justus.
963 3927 1146 3973 Pnusr.
1446 3919 1701 3987 Exquisite
1739 3922 1790 3970 in
1825 3921 1924 3970 hoc
1962 3919 2076 3968 loco
2123 3937 2216 3984 pro
2263 3919 2472 3979 habene,

405 4007 519 4055 XV.
560 4022 603 4053 ι.
654 4003 793 4052 Cerco
839 4001 1005 4072 efficit.
1033 4004 1198 4068 Vulgo
1233 4003 1359 4052 male
1446 4003 1561 4066 qnia
1588 4001 1672 4050 iun
1697 3998 1966 4065 praecursio
1988 3999 2203 4062 adjuvat.
2225 4001 2358 4048 Mox
2379 4015 2478 4064 pro

335 4095 479 4136 certe.
503 4081 599 4134 Sed
617 4083 687 4130 nic
709 4093 759 4132 ct
786 4099 829 4132 c.
862 4083 941 4130 16·
960 4083 1091 4130 En.
1448 4078 1671 4144 afferunt
1683 4081 1774 4128 MS
1793 4083 1858 4130 V.
1877 4077 2108 4144 effluent.
2135 4081 2265 4131 Eur.
