2982 4682
522 335 621 383 ιιι
1154 314 1506 384 ALTERA
1555 317 2025 388 PRAEFATIQ

524 443 801 534 laudat,
824 461 1193 520 auctorem
1218 447 1572 521 librorum
1602 451 1691 522 ad
1720 453 2165 523 Herennium
2193 447 2654 520 intellexisse.

618 570 975 659 «Quintil.
1000 575 1134 661 IX,
1166 571 1244 660 3;
1284 574 1568 671 69.·-71
1599 601 1614 644 :
1653 605 1688 640 α
1710 571 1936 646 Aliter
1959 597 2260 672 quoque
2287 597 2506 644 voces
2533 584 2656 642 aut

525 693 791 766 eaedem
840 694 1118 768 diversa
1174 697 1251 768 iu
1293 697 1816 796 significatione
1857 711 2236 796 ponuntur
2264 750 2285 785 ,
2327 709 2449 768 aut
2493 717 2658 792 pro-

528 817 871 892 ductione
940 833 1223 895 tautum
1308 821 1421 892 vel
1495 823 1975 921 'correptione
2043 833 2334 898 mutatae
2387 846 2404 888 ε
2453 816 2656 916 quod

529 942 744 1012 etiam
770 943 843 1012 in
864 941 1048 1036 jocis
1074 939 1452 1040 frigidum,
1484 943 1824 1041 equidem
1863 943 2054 1016 tradi
2083 947 2275 1016 inter
2303 955 2657 1040 praecepta

528 1065 784 1153 miror3
830 1088 1232 1163 eorumque
1258 1067 1585 1166 exempla
1622 1066 1893 1138 vitandi
1929 1069 2211 1166 potius,
2250 1089 2466 1163 quam
2501 1065 2657 1134 imi-

530 1186 730 1260 tandi
772 1190 1033 1287 gratia,
1078 1214 1297 1288 pono.
1326 1194 1403 1262 A
1408 1197 1595 1262 mari
1611 1191 2032 1287 jucundam
2070 1207 2208 1277 est,
2254 1196 2322 1260 si
2343 1203 2653 1269 cut-etun,

530 1337 619 1387 ne
650 1311 837 1410 quid
870 1317 1037 1384 insit
1067 1319 1311 1387 amari.
1349 1317 1623 1386 Avium
1667 1313 1975 1396 dulcedo
2013 1315 2120 1387 ad
2149 1319 2393 1384 avium
2429 1312 2655 1398 ducit,

534 1450 666 1510 etc.
733 1435 1163 1509 Cornificius
1220 1436 1409 1510 hanc
1458 1439 1975 1512 traductionem
2029 1451 2273 1524 vocat,
2327 1435 2663 1508 videlicet

530 1557 833 1632 alterius
868 1559 1278 1634 intellectus
1314 1560 1403 1632 ad
1440 1561 1750 1632 alterum
1775 1592 1828 1632 n.
1865 1565 1940 1634 Si-
1977 1559 2503 1659 comparqveris
2549 1557 2660 1628 lo-

532 1703 701 1752 cum
737 1680 827 1753 ad
870 1689 1037 1755 Her.
1080 1688 1203 1770 IV,
1260 1686 1381 1770 14,
1434 1683 1615 1755 nihil
1675 1707 1863 1768 sane,
1891 1684 2172 1772 obstat,
2213 1708 2364 1782 quo
2419 1683 2663 1756 minus

532 1808 981 1900 Quintiliano
996 1805 1467 1880 Cornificium
1499 1809 1902 1880 nominanti
1935 1808 2134 1879 hunc
2162 1809 2396 1904 ipsum
2419 1806 2662 1877 locum

532 1931 993 2004 obversatum
1032 1956 1186 2003 esse
1226 1947 1562 2030 putemus
1581 1985 1601 2018 ,
1639 1946 1712 2003 et
1741 1945 1935 2005 recte
1961 1930 2418 2028 Spaldingius
2454 1929 2664 2000 Marii

533 2055 767 2130 Mattii
799 2054 1285 2128 cavillationes
1338 2053 1625 2127 refutat.
1685 2055 1824 2127 Sed
1878 2056 1936 2126 si
1991 2053 2182 2126 forte
2231 2051 2664 2126 Cornificius

532 2181 688 2278 ipse
737 2203 825 2250 ex
873 2193 1171 2250 auctore
1216 2177 1303 2249 ad
1345 2180 1798 2250 Herennium
1839 2183 1970 2249 ista
2024 2191 2399 2249 mutuatus
2449 2191 2662 2265 esset,

534 2305 719 2377 sicut
744 2304 995 2376 Cicero
1024 2302 1249 2374 multa
1285 2327 1373 2374 ex
1408 2302 1667 2375 eodem
1699 2303 2132 2400 desumpsit,
2169 2301 2493 2374 nondum
2522 2300 2666 2375 hoc

534 2427 871 2526 exemplo
915 2440 1275 2499 consta-ret
1296 2480 1317 2515 ,
1358 2426 1834 2498 Cornificium
1855 2426 2081 2499 libros
2107 2426 2197 2498 ad
2221 2428 2662 2498 Herennium

532 2551 923 2648 scripsisse.

628 2705 663 2742 α
680 2676 987 2764 Quintil.
1012 2678 1117 2745 IX
1134 2728 1153 2761 ,
1180 2672 1249 2761 3,
1286 2674 1417 2772 89:
1446 2706 1479 2741 κ
1499 2681 1662 2747 Haec
1689 2679 1932 2749 omnia
1961 2677 2084 2775 (de
2110 2674 2388 2774 figuris)
2417 2676 2666 2774 copio-

426 2866 433 2872 .
534 2800 683 2871 sius
710 2812 881 2871 sunt
912 2802 1327 2895 exsequuti‚
1368 2799 1496 2895 qui
1529 2824 1680 2871 non
1725 2814 1808 2871 ut
1849 2815 2126 2897 partem
2165 2798 2406 2897 operis
2441 2813 2670 2870 trans-

534 2937 959 3011 currerunt,
1018 2920 1145 2992 sed
1199 2924 1494 3022 proprie
1541 2921 1770 2994 libros
1823 2921 1995 2994 huic
2044 2926 2242 3022 operi
2293 2920 2665 2993 dedicave-

538 3062 747 3132 runt,
777 3042 961 3119 sicut
986 3045 1307 3143 Caecilius
1326 3100 1345 3133 ,
1371 3048 1761 3144 Dionysius
1777 3102 1798 3133 ,
1823 3047 2131 3120 Rutilius
2148 3102 2166 3134 ‚
2201 3045 2668 3131 CornificiuS,

537 3169 909 3259 Visellius,
942 3171 1209 3266 aliique
1258 3194 1406 3240 non
1448 3172 1739 3267 pauci».
1777 3176 1880 3241 Ex
1912 3170 2052 3242 hoc
2091 3171 2252 3242 loco
2289 3196 2380 3241 an
2427 3170 2665 3267 colligi

538 3300 802 3397 possit,
822 3299 1349 3390 Quintilianum
1370 3293 1846 3366 Cornificium
1875 3294 2322 3367 nominando
2350 3294 2440 3367 acl
2468 3320 2670 3391 quar·

536 3438 693 3496 tum
759 3422 1024 3495 librum
1080 3426 1393 3494 auctoris
1456 3421 1907 3493 Herennium
1969 3422 2402 3519 respexisse,
2461 3418 2668 3489 valde

536 3547 819 3621 dubito.
852 3552 1034 3621 Nam
1074 3549 1387 3646 primum
1420 3561 1724 3643 quartus
1767 3544 1890 3617 ille
1927 3545 2116 3617 liber
2148 3570 2294 3615 non
2341 3559 2452 3616 est
2499 3568 2670 3643 pro·

538 3676 693 3773 prie
734 3674 1010 3747 dicatus
1053 3673 1402 3746 doctrinae
1438 3671 1530 3745 de
1561 3668 1848 3769 figuris,
1891 3668 2014 3741 sed
2053 3671 2354 3741 omnino
2391 3670 2534 3765 agit
2575 3667 2668 3739 de

538 3799 1033 3897 eloquutione.
1074 3796 1353 3869 Deinde
1398 3794 1576 3893 quid
1607 3792 1948 3892 prohibet
1970 3846 1988 3879 ,
2043 3818 2193 3889 quo
2217 3791 2458 3863 minus
2491 3796 2669 3863 Cor·

544 3922 863 3994 nificium
918 3924 1293 4021 proprium
1352 3918 1621 3991 librum
1679 3917 1771 3989 de
1838 3915 2087 4015 figuris
2141 3914 2532 3987 verborum
2594 3930 2668 3985 et

544 4050 1060 4120 sententiarum
1112 4045 1618 4142 conscripsisse
1665 4056 2101 4126 statuamus3
2157 4065 2374 4137 quem
2433 4040 2669 4130 Quin-
