2982 4682
457 297 550 385 54
1137 299 1234 366 Μ.
1285 297 1362 366 T.
1419 296 1905 366 CICERONIS

456 445 670 496 causa
703 420 1053 517 reperire,
1081 416 1392 514 reperiat
1416 415 1681 515 dispar.
1712 418 1965 488 Sinon
1986 420 2263 514 poterit
2296 443 2591 490 avarum

457 533 960 609 demonstrare
978 581 998 612 ‚
1023 526 1471 601 demonstret
1487 521 1521 572 ⁶
1546 541 2051 625 corruptorem
2068 537 2093 582 ⁷
2120 527 2235 598 vel
2260 527 2593 626 perfidio-

459 667 619 716 sum
639 694 659 730 ‚
687 642 748 712 si
781 663 932 737 quo
959 636 1182 709 modo
1207 641 1476 734 poterit
1496 627 1569 724 ⁸3
1603 635 1921 734 denique
1942 636 2190 734 aliquo
2219 652 2343 710 aut
2369 663 2591 735 quam

457 751 790 851 plurimis
839 749 1032 824 vitiis
1070 745 1591 819 contaminabit
1642 771 2025 846 personam
2085 775 2101 818 :
2158 747 2421 822 deinde
2464 754 2591 846 qui

455 860 637 934 illud
671 859 924 933 fecerit
961 873 1108 930 tam
1145 859 1509 955 nequiter,
1552 856 1889 932 eumdem
1933 859 2121 930 hocs
2151 873 2299 930 tam
2335 882 2593 958 perpe·

451 997 608 1046 ram
644 969 896 1047 fecisse
922 995 1076 1044 non
1109 993 1262 1041 esse
1295 967 1725 1040 mirandum.
1766 970 1840 1040 Si
1866 969 2333 1044 vehementer
2354 983 2591 1042 castus

451 1099 526 1160 et
561 1086 840 1180 integer
871 1079 1398 1155 existimabitur
1427 1079 1913 1166 adversarius,
1954 1079 2146 1152 dicet
2176 1079 2398 1167 facta,
2440 1105 2589 1152 non

449 1192 716 1272 famam
743 1191 1048 1290 spectari
1079 1205 1466 1288 oportere3
1508 1189 1717 1262 illum
1754 1205 1923 1262 ante
1942 1200 2007 1236 ¹⁰
2030 1190 2429 1262 occultasse
2462 1214 2593 1262 sua

453 1309 757 1405 flagitia3
795 1329 872 1378 se
913 1303 1210 1403 planum
1261 1302 1661 1392 facturum,
1706 1303 1801 1376 ab
1834 1329 1923 1375 eo
1962 1303 2391 1376 maleficium
2434 1329 2589 1376 non

453 1418 730 1492 abesse.
789 1413 1146 1488 Defensor
1190 1419 1507 1513 primum
1554 1411 2078 1486 demonstrabit
2132 1418 2351 1486 vitam
2403 1417 2589 1486 inte·

457 1553 658 1629 gram
681 1537 742 1574 ¹¹
766 1584 788 1617 ,
825 1529 884 1599 si
909 1527 1178 1626 poterit
1211 1554 1227 1598 t
1271 1525 1344 1597 id
1379 1529 1438 1598 si
1478 1551 1633 1596 non
1666 1527 1934 1623 poterit
1956 1535 2017 1568 ¹²
2038 1581 2057 1613 ‚
2096 1523 2477 1623 confugiet·
2498 1526 2591 1597 ad

451 1639 1016 1738 imprudentiam
1039 1692 1058 1723 ,
1107 1636 1478 1707 stultitiam
1502 1689 1531 1740 ’-
1558 1635 2113 1708 adolescentiam
2136 1691 2155 1725 ‚
2194 1638 2374 1724 vim,
2424 1661 2588 1736 per-

455 1751 861 1824 suasionem
899 1775 915 1816 :
961 1747 1228 1844 quibus
1261 1746 1352 1818 de
1391 1744 1611 1817 rebus
1645 1747 2079 1844 vituperatio
2112 1771 2397 1832 eorum,
2428 1771 2591 1844 quae

457 1876 658 1934 extra
676 1859 750 1932 id
773 1861 1046 1934 crimen
1069 1873 1468 1946 erunt‚non
1487 1855 1751 1929 debeat
1767 1850 2201 1954 assignat-1¹3.
2221 1861 2345 1928 Sin
2370 1858 2590 1928 vehe-

453 2063 793 2118 secedentibus
809 2064 1070 2128 repetitum
1089 2073 1218 2111 recte
1245 2062 1479 2122 omittunt

454 2147 588 2209 Aug.
613 2143 733 2194 md.
760 2144 842 2191 Sic
867 2145 970 2192 Cic.
995 2142 1057 2190 de
1079 2144 1184 2191 Inv.
1207 2143 1275 2204 11,
1304 2159 1349 2190 c.
1375 2157 1436 2190 10
1462 2157 1476 2190 τ

459 2245 486 2269 ι
506 2236 656 2288 atque
675 2237 740 2272 ex
755 2221 938 2288 dispari
955 2237 1152 2286 qnoque
1179 2222 1350 2286 genet-'e
1369 2216 1477 2268 cul-

453 2319 654 2371 psmm,
691 2303 736 2353 si
773 2317 835 2359 ex,
871 2303 980 2369 pari
1015 2301 1239 2353 sumendi
1273 2291 1480 2362 facula-⁸

454 2400 558 2433 non
585 2383 678 2432 erit
697 2404 739 2432 a.

523 2462 576 2511 6.
613 2461 666 2509 Ss'
693 2476 795 2509 non
823 2458 1007 2525 poterit
1036 2474 1240 2506 avarum
1281 2458 1482 2506 demvm

455 2552 617 2591 strare
629 2574 646 2601 ,
671 2538 980 2593 damnent.
1001 2536 1264 2587 Lsmhinus
1286 2535 1444 2586 edidit
1461 2572 1478 2597 ‚

471 2642 494 2664 ιι
513 2618 846 2667 demonstrare
864 2653 880 2680 ,
921 2633 1066 2683 quem
1091 2618 1312 2683 pecuniae
1337 2632 1480 2665 csnss

457 2700 588 2749 dicat
603 2694 892 2746 maleficium
909 2696 1103 2757 fecisse,
1123 2697 1420 2745 demonstret
1439 2717 1480 2755 ι,

454 2794 516 2828 cx
543 2778 716 2827 codice
733 2812 750 2839 ,
777 2778 968 2841 inquit,
994 2777 1361 2840 manuscript03
1395 2776 1480 2823 sed

455 2859 551 2909 tole
575 2857 700 2907 nihil
733 2856 922 2905 invenit
961 2856 1248 2910 Gulielmius
1273 2855 1326 2903 in
1347 2856 1477 2916 suis,

455 2954 546 2985 nec
569 2952 661 3000 ego
685 2935 741 2983 in
764 2933 887 2986 Pau.
903 2946 990 2983 aut
1009 2934 1346 2985 vetustissimis
1365 2934 1478 2983 edd.

453 3028 506 3067 et
540 3030 684 3075 vero,
709 3015 752 3063 si
777 3030 880 3079 quo
905 3014 1216 3077 reperiuntur
1240 3015 1292 3062 in
1317 3013 1447 3063 libro
1462 3049 1477 3076 ,

454 3098 590 3145 suere
607 3092 797 3154 adjecta
817 3108 846 3141 s
871 3092 1154 3155 glossatore.
1177 3094 1346 3145 Gau-r.

525 3189 576 3235 7.
607 3171 961 3234 Corrupwrem.
999 3171 1100 3233 Qui
1133 3170 1242 3219 aliis
1268 3172 1478 3235 pecunia

457 3249 725 3315 corruptis,
743 3260 794 3297 et
811 3248 912 3297 suis
929 3248 1238 3302 facultatibus
1255 3251 1477 3314 perditis,

453 3340 582 3379 certe
609 3327 898 3387 deminutis,
920 3329 1022 3389 ism
1042 3344 1216 3377 svsrus
1239 3344 1341 3377 esse
1362 3346 1476 3393 pos-

448 3409 525 3457 sit.
545 3410 785 3457 Wrrssr..

521 3489 571 3535 8.
607 3486 696 3535 Vel
717 3483 1064 3553 perfidiosum,
1099 3485 1144 3533 si
1179 3502 1278 3549 quo
1325 3488 1470 3536 modo

441 3566 640 3637 poterit.
677 3564 804 3617 Edd.
843 3574 958 3613 vett.
991 3586 1013 3609 ι
1051 3582 1102 3613 v.
1131 3564 1396 3629 perfidum,
1427 3570 1471 3617 si

1566 2061 1636 2110 cit
1656 2081 1701 2110 ι.
1732 2061 2045 2112 Divinatione
2073 2075 2089 2111 t
2120 2084 2145 2104 κ
2175 2061 2219 2112 si
2254 2062 2338 2112 ille
2375 2063 2511 2128 opud
2544 2075 2593 2112 te

1566 2151 1739 2205 postea
1759 2143 1970 2190 coensvit
1986 2179 2000 2203 ,
2020 2154 2185 2191 utrum
2206 2155 2254 2191 te
2270 2142 2591 2210 perfidiosum

1567 2234 1629 2269 sn
1648 2221 2063 2286 prevaricatorem
2084 2223 2347 2272 existimari
2364 2225 2552 2274 mavis?
2564 2247 2591 2270 ι.

1566 2301 1719 2351 Videt
1742 2316 1937 2353 necesse
1953 2305 2058 2351 ‘esse
2079 2302 2363 2353 alterutrum
2384 2337 2400 2364 ,
2422 2305 2591 2357 eodem

1568 2380 1949 2445 significatione,
1976 2398 2071 2449 qus
2093 2382 2204 2443 hic;
2228 2400 2283 2435 es
2307 2400 2359 2432 re
2380 2402 2487 2433 non
2507 2402 2595 2435 au-

1569 2460 1643 2507 dit
1680 2460 1983 2509 membranas
2020 2478 2131 2510 suas
2175 2462 2493 2524 Gulielmius,
2538 2466 2591 2513 in

1566 2538 1747 2602 quibus
1772 2540 1962 2589 invenit
1983 2540 2242 2607 pequam,
2260 2544 2401 2607 qnod
2425 2547 2590 2606 etjam

1564 2619 1619 2667 in
1640 2618 1767 2669 Pau.
1784 2618 1973 2683 *eperi3
2000 2620 2087 2669 sed
2114 2622 2299 2685 primus
2320 2632 2481 2673 tamen
2507 2641 2589 2673 ex-

1565 2698 1742 2762 pressit
1755 2698 1977 2747 alterum.
1998 2702 2235 2751 Gan-rsa.

1639 2792 1690 2839 9.
1736 2777 1971 2828 Eumdem
2008 2778 2099 2827 hoe
2127 2790 2227 2827 tam
2257 2796 2392 2845 perp.
2403 2780 2461 2844 f.
2494 2784 2591 2831 Pro

1564 2854 1695 2905 bunc
1720 2856 1833 2905 dedi
1858 2856 1950 2905 hoc
1978 2874 2009 2907 e
2040 2859 2167 2909 Mss
2195 2860 2375 2909 nostris
2398 2871 2447 2909 et
2470 2862 2589 2911 edd.

1566 2945 1687 2985 vett.
1716 2952 1919 3001 quornm
1948 2949 2108 2987 temen
2146 2940 2303 3003 prims
2337 2949 2469 3001 1474
2505 2942 2592 2990 hs-

1566 3014 1651 3069 bet
1672 3032 1807 3065 nune
1821 3049 1837 3075 ‚
1861 3026 1913 3065 et
1936 3032 2059 3067 mox
2082 3017 2221 3067 addit
2240 3018 2333 3067 Ιιοσ
2354 3037 2373 3067 .·
2394 3021 2531 3084 qnod
2548 3022 2592 3069 si

1564 3095 1677 3159 quis
1696 3096 1859 3157 molit,
1888 3098 2061 3160 patiar.
2086 3100 2195 3152 Hoc
2209 3099 2409 3163 quidem
2424 3116 2593 3149 neees-

1563 3176 1741 3223 sariam
1768 3176 1889 3224 fseit
1905 3176 2173 3238 disiunctio
2190 3180 2446 3245 perspicus
2464 3194 2479 3229 ε
2502 3182 2589 3244 qui

1562 3253 1691 3305 illud
1722 3254 1889 3305 fecerit
1902 3286 1919 3313 ‚
1954 3256 2198 3315 eumdem,
2232 3268 2327 3308 etc.
2368 3261 2587 3309 Eun-r.

1561 3348 1703 3397 quem
1724 3333 1837 3383 Seh.
1860 3336 2039 3399 probet
2058 3348 2111 3386 et
2132 3338 2371 3401 sequitur.

1638 3430 1717 3461 ιο.
1736 3414 1883 3466 luam
1908 3427 2027 3465 ante
2052 3416 2229 3467 occule.
2246 3418 2393 3467 Illum
2420 3431 2586 3469 antem
2666 3480 2675 3495 .

1558 3491 1672 3541 cod.
1698 3492 1825 3559 Aug.
1850 3494 1991 3544 male.
2012 3498 2129 3545 Sca.

1638 3588 1719 3623 ιι,
1754 3575 1919 3623 Vitam
1938 3576 2199 3641 integram.
2226 3578 2433 3625 Famam
2458 3577 2587 3626 inee-

443 3662 648 3713 quoquo
667 3662 734 3701 m.
755 3662 808 3711 p.
833 3664 856 3687 n
883 3670 954 3683 ·-
979 3644 1250 3713 Psfidiosi‚
1271 3648 1358 3710 qni
1383 3663 1474 3713 per
1556 3664 1701 3715 gram
1728 3653 1829 3701 Psl.
1851 3654 2061 3717 primns.
2082 3656 2318 3704 Gau-sn.

442 3722 592 3773 fidem
614 3724 867 3789 decipiunt
882 3739 966 3775 eos
987 3726 1186 3788 quicum
1205 3736 1469 3777 contrue-

445 3816 592 3865 rnnt,
619 3815 676 3855 ut
695 3805 750 3853 in
777 3821 828 3853 re
851 3805 1043 3870 privata
1067 3804 1156 3869 qui
1179 3805 1341 3859 socios
1377 3806 1469 3855 fal-

447 3884 582 3943 lunt,
601 3885 652 3933 in
671 3883 866 3948 publica
885 3884 970 3947 qui
995 3884 1346 3947 depeculantur
1359 3901 1473 3935 ars·

443 3965 594 4013 rium.
615 3964 772 4013 Plant.
785 3963 904 4013 Cist.
915 3966 962 4024 1,
975 3982 1016 4025 ι,
1033 3973 1095 4023 74
1112 3978 1126 4011 :
1144 3988 1168 4009 ιι
1181 3962 1471 4015 Perfidiosus

442 4043 502 4103 ’st
525 4058 664 4093 amor
697 4059 710 4094 ε
745 4060 862 4113 ergo
901 4045 954 4095 in
981 4062 1058 4093 me
1089 4045 1364 4111 peculatum
1395 4046 1466 4095 fs-

1636 3746 1717 3781 η.
1753 3732 1819 3779 Id
1848 3733 1892 3781 εἰ
1916 3748 2015 3781 non
2052 3733 2252 3796 poterit.
2280 3731 2483 3785 Scbiits.
2510 3736 2589 3782 sin

1561 3820 1743 3860 aretem.
1790 3810 1925 3867 Sios
1952 3811 2145 3876 inquit,
2179 3816 2321 3863 Voss.
2368 3829 2413 3875 1,
2448 3816 2587 3877 quod

1562 3900 1691 3939 certe
1708 3906 1809 3939 non
1824 3902 1897 3939 est
1913 3907 1941 3939 a
1962 3891 2167 3941 librario
2190 3906 2275 3943 sut
2300 3895 2585 3959 glossatore.

1560 3970 1645 4017 Est
1667 3970 1797 4017 enim
1818 3970 2131 4033 exquisitius.

1636 4048 1711 4095 13.
1756 4048 1937 4110 Quibus
1974 4049 2035 4099 de
2084 4051 2221 4100 rebus
2258 4050 2349 4099 vie.
2400 4066 2502 4099 eor.
2548 4070 2581 4117 q
