2982 4682
678 395 806 465 AD
855 397 1452 486 HERENNIUM,
1504 399 1773 468 LIBER
1820 399 1959 486 ΙΙΙ,
2004 401 2118 486 24.
2330 399 2455 474 161

333 543 446 603 es,
525 540 752 613 quare
805 517 1194 590 verborum
1247 522 1671 592 memoriam
1736 545 1887 592 non
1950 519 2476 620 improbemus,

331 631 512 698 Nam
558 643 898 726 putamus
930 646 1267 728 oportere
1315 657 1475 721 eos,
1528 634 1657 729 qui
1696 632 1921 703 velint
1956 657 2069 704 res
2116 633 2469 708 faciliores

333 740 489 808 sine
517 737 761 810 labore
783 755 854 810 et
885 741 1205 812 molestia
1238 740 1444 814 facile
1483 744 1925 832 meminisse,
1968 747 2044 814 in
2074 743 2296 816 rebus
2329 745 2465 818 dif-

335 845 751 920 ficilioribus
797 875 952 921 esse
996 866 1163 923 ante
1209 856 1657 924 exercitatos·
1709 858 1859 926 Nec
1898 877 2033 924 nos
2072 853 2261 925 hanc
2304 880 2465 926 ver-

334 957 602 1030 borum
649 961 1072 1041 memoriam
1124 963 1576 1048 inducimuS,
1621 978 1704 1062 ut
1752 987 1998 1034 versus
2053 966 2467 1036 meminisse

331 1068 754 1164 possimus-’3
796 1071 920 1142 sed
963 1087 1046 1143 ut
1091 1071 1226 1144 hac
1275 1074 1822 1160 exercitatione,
1878 1073 1995 1143 illa
2032 1098 2277 1144 rerum
2316 1099 2469 1146 me-

333 1178 600 1266 moria,
645 1203 802 1276 quae
851 1183 1166 1278 pertinet
1200 1181 1300 1282 ad
1335 1182 1717 1254 utilitatem
1735 1182 1792 1270 4,
1832 1181 2335 1274 confirmetur3
2388 1201 2473 1256 ut

332 1285 423 1357 ab
454 1286 590 1359 hac
618 1286 888 1361 difficili
923 1290 1448 1363 cousuetudine
1477 1295 1631 1362 sine
1666 1290 1915 1363 labore
1938 1291 2040 1364 ‘ad
2073 1294 2264 1364 illam
2295 1292 2470 1367 faci-

331 1395 606 1470 litatem
647 1401 950 1472 transire
993 1403 1367 1500 possimus.
1407 1401 1545 1473 Sed
1588 1426 1853 1498 quum,
1896 1402 1973 1472 in
2010 1407 2215 1473 omni
2251 1401 2469 1476 disci-

329 1509 533 1606 plina
553 1563 574 1596 ,
599 1508 884 1582 infirma
921 1526 1032 1583 est
1060 1513 1230 1583 artis
1268 1514 1649 1611 praeceptio
1678 1513 1833 1583 sine
1860 1535 2141 1584 summa
2178 1513 2474 1587 assidui-

333 1627 478 1686 tate
517 1617 1087 1706 exercitationis,
1134 1632 1291 1688 tum
1331 1643 1506 1689 vero
1549 1621 1621 1688 in
1663 1629 2047 1714 μνημονικοῖς
2085 1621 2469 1692 minimum

331 1724 524 1796 valet
561 1724 939 1812 doctrina,
991 1729 1128 1798 nisi
1185 1727 1533 1798 industria
1558 1782 1577 1814 ,
1632 1717 1939 1812 studi05,
1974 1717 2261 1818 labore,
2304 1728 2466 1803 dili-

333 1837 600 1934 gentia,
637 1836 1172 1935 comprobetur.
1199 1840 1432 1927 Quam
1464 1836 1817 1935 plurimos
1844 1838 2038 1908 locos
2066 1851 2149 1908 ut
2172 1838 2476 1939 habea,

334 1961 406 2015 et
445 1971 661 2042 quam
705 1949 1014 2018 maxime
1053 1945 1142 2018 ad
1171 1961 1525 2044 praecepta
1564 1945 2175 2036 accommodatos,
2211 1974 2467 2022 curare

335 2053 658 2127 debebis.
707 2063 794 2127 In
837 2056 1270 2155 imaginibus
1315 2056 1755 2128 collocandis
1798 2061 2112 2130 exerceri
2149 2059 2473 2156 quotidie

245 2221 252 2227 .
333 2169 736 2237 conveniet.
775 2171 945 2238 Non
971 2170 1163 2239 enim
1192 2169 1374 2239 sicut
1405 2191 1444 2237 a
1473 2169 1728 2238 ceteris
1762 2166 2015 2238 studiis
2042 2167 2471 2242 abducimur

331 2300 890 2373 nonnumquam
933 2279 1445 2377 occupatione,
1483 2281 1583 2347 ita
1627 2275 1717 2348 ab
1762 2275 1897 2349 hac
1928 2302 2009 2349 re
2042 2302 2175 2351 nos
2229 2293 2472 2378 potest

333 2411 546 2457 causa
592 2386 949 2459 deducere
1009 2388 1267 2485 aliqua.
1335 2390 1754 2483 Numquam
1817 2402 1925 2458 est
1984 2389 2175 2458 enim
2200 2443 2219 2472 ,
2283 2391 2459 2485 quir

331 2496 608 2595 aliquid
653 2499 1018 2569 memoriae
1059 2498 1342 2570 tradere
1385 2497 1719 2582 velimuS,
1761 2512 1836 2567 et
1875 2495 2076 2568 tum⁶
2122 2502 2469 2589 maxime,

331 2632 562 2705 quum
585 2606 832 2703 aliquo
852 2608 1122 2702 majore
1141 2610 1477 2705 negotio7
1504 2607 1934 2679 detinemur.
1968 2611 2208 2698 Quare
2228 2635 2462 2708 quum

331 2722 424 2789 sit
463 2718 637 2789 utile
679 2714 884 2789 facile
921 2720 1366 2804 meminisse,
1411 2743 1562 2788 non
1608 2732 1679 2788 te
1728 2715 1947 2806 fallit,
1984 2718 2185 2815 quod
2222 2734 2464 2791 tanto-

333 2852 506 2927 pere
545 2827 720 2900 utile
754 2830 877 2916 sit,
908 2844 1184 2925 quanto
1224 2828 1469 2899 labore
1505 2831 1593 2898 sit
1628 2828 2118 2925 appetendum
2146 2825 2174 2870 ⁸
2209 2856 2226 2897 ε
2263 2832 2465 2929 quod

331 3045 487 3091 moria
513 3058 676 3090 rerum
703 3058 814 3089 cum
845 3041 1078 3089 memori·
1096 3040 1352 3089 verborum
1441 3040 1575 3089 haud
1602 3041 1725 3088 inest
1755 3054 1770 3099 3
1802 3062 1825 3081 ι
1841 3040 1977 3103 quod
2014 3042 2223 3105 pertinet
2248 3041 2310 3089 ad
2334 3044 2467 3091 utili-

330 3120 398 3170 ad
423 3121 682 3170 utilitatem
713 3133 762 3170 et
790 3120 1064 3169 facilitatem
1100 3136 1354 3185 compam-
1441 3129 1587 3167 tatem
1614 3141 1640 3161 a·
1686 3118 1805 3167 nihil
1852 3119 1987 3167 alind
2030 3118 2271 3183 significat
2318 3138 2465 3187 quam

331 3214 446 3261 tur3
475 3201 530 3248 id
561 3200 698 3264 qnod
723 3201 1052 3267 oppositionIs
1081 3202 1208 3250 ratio
1241 3201 1354 3249 satis
1440 3199 1615 3263 «quod
1626 3216 1729 3247 non
1752 3209 1883 3247 caret
1900 3198 2111 3248 utilitate
2125 3201 2466 3252 -.-Credide·

333 3281 562 3330 declarat.
1440 3279 1534 3325 rim
1558 3280 1727 3343 potius
1744 3278 1825 3326 hic
1850 3277 2104 3327 utilitatem
2123 3296 2225 3327 esse
2246 3298 2383 3330 ustam
2404 3284 2469 3331 οἱ·

407 3362 454 3409 3.
497 3362 564 3407 Ue
593 3374 766 3406 versus
803 3357 1078 3407 meminisse
1098 3358 1353 3422 possimus.
1445 3357 1583 3406 vilem
1599 3358 1684 3421 qui
1699 3359 1968 3423 opponitur
1978 3360 2314 3409 exercitationi
2330 3363 2467 3411 scho-

331 3438 588 3505 Signiflcat
613 3448 811 3497 auctor,
835 3456 886 3486 se
917 3436 1216 3485 artificialem
1244 3454 1356 3485 ver-
1443 3436 1621 3485 larum.

331 3520 512 3570 borum
541 3520 822 3569 memoriam
849 3534 950 3567 nou
975 3517 1090 3566 ideo
1108 3533 1356 3565 commen·
1518 3514 1847 3576 5.1ndmeria‚
1861 3514 2040 3562 smdio.
2057 3516 2227 3564 Studio
2246 3518 2381 3567 abest
2398 3520 2463 3568 ab

333 3594 474 3658 dare,
499 3599 638 3663 quasi
663 3598 765 3645 sine
791 3614 848 3645 en
873 3614 1063 3655 versus,
1091 3598 1175 3659 qui
1198 3596 1356 3644 verbi·
1442 3595 1522 3643 ed.
1548 3594 1683 3643 Med.
1717 3596 1843 3657 ¹498
1859 3630 1874 3653 ,
1895 3606 1945 3643 et
1966 3611 2079 3642 sane
2102 3611 2203 3643 non
2224 3596 2461 3647 desidera·

331 3676 561 3725 constant
581 3712 597 3735 ,
639 3676 910 3724 meminisse
933 3692 1035 3723 non
1071 3691 1352 3740 posternam
1443 3686 1539 3737 tur,
1553 3689 1705 3738 quum
1732 3685 1959 3738 sequatur
1983 3675 2170 3734 labore,
2189 3675 2461 3742 diligentia.

327 3754 566 3803 concedit
595 3756 762 3817 potins
781 3788 796 3813 ‚
831 3771 914 3802 eos
935 3754 1200 3801 ediscendo
1236 3754 1355 3802 saci·
1514 3754 1566 3799 6.
1592 3754 1656 3799 Et
1674 3764 1769 3799 aem
1790 3752 2018 3804 maxime.
2046 3754 2145 3801 «Et
2172 3764 2273 3801 tum
2305 3757 2461 3803 maxi-

327 3834 460 3891 lim,
489 3849 636 3897 qnam
663 3833 886 3882 adhibito
913 3834 1178 3897 imaginum
1205 3848 1356 3898 appa.-
1445 3846 1578 3879 man.
1606 3834 1775 3879 Gnur.

325 3924 464 3967 ratu,
486 3928 631 3975 posse
655 3913 898 3961 memoriae
921 3912 1159 3962 mandari.
1188 3915 1306 3960 Sca.
1520 3926 1568 3971 7.
1598 3911 1790 3974 Major-e
1814 3908 2029 3973 negotio.
2070 3912 2139 3959 M.
2162 3911 2323 3981 officio
2350 3913 2463 3961 edd.

413 4000 462 4047 4.
482 3993 604 4055 Qreee
617 3994 828 4055 pertinet
849 3994 924 4040 ad
940 3990 1210 4040 utilitatem.
1241 3991 1358 4039 Sch.
1456 3990 1591 4049 1476
1607 4022 1621 4047 ,
1646 3988 1779 4037 Med.
1806 4003 1827 4035 ι
1840 3990 1959 4050 498.

327 4071 479 4136 quod
492 4070 706 4133 pertinet
727 4071 803 4118 ad
831 4070 933 4118 mil.
958 4070 1038 4119 Sic
1075 4069 1358 4127 emendavi,
1522 4065 1573 4116 8.
1600 4066 1954 4131 Appeeendnm.
1983 4068 2202 4133 Ineptum
2234 4070 2469 4133 glossato-

329 4150 504 4213 inqnit
523 4184 538 4207 ,
555 4150 684 4214 vulg.
705 4150 756 4197 in
775 4164 870 4213 qm
891 4164 1060 4197 seusus
1075 4149 1366 4198 commodus
1449 4150 1519 4197 ris
1562 4147 1936 4213 appendiculam
1975 4170 1997 4193 ι
2017 4149 2154 4211 quod
2175 4153 2359 4214 poteris
2376 4154 2476 4201 exi-

489 4239 543 4305 Ῑ.
601 4252 700 4303 Cic.
709 4251 1014 4320 parsprima.
2151 4261 2168 4305 1
2200 4262 2220 4307 1
