2982 4682
540 347 682 435 544
1218 346 1317 413 Μ.
1371 347 1447 414 Τ.
1503 346 1988 418 οιοΕιιοΝιε

532 492 905 544 causarum
924 520 944 555 ,
968 469 1121 539 sine
1146 466 1419 564 quibus
1436 464 1626 539 effici
1652 492 1804 538 non
1831 483 2101 565 potest,
2125 476 2390 565 genera
2417 470 2670 561 divisi;

533 581 635 653 sic
679 580 891 650 etiam
928 574 1391 649 efficientium
1431 578 1649 648 dividi
1689 592 2016 675 possunt.
2064 583 2244 650 Sunt
2279 582 2473 651 enim
2513 582 2670 653 aliae

532 713 794 775 causae,
834 712 995 785 quae
1032 687 1246 785 plane
1283 685 1634 769 efficiant,
1669 688 1868 759 nulla
1901 714 1980 760 re
2011 688 2435 783 adjuvante3
2465 692 2618 763 aliae
2643 748 2664 777 ,

530 823 691 896 quae
720 798 1040 891 adjuvari
1076 796 1335 868 velint:
1375 812 1460 868 ut
1490 800 1841 894 sapientia
1875 797 2098 870 efficit
2127 802 2484 898 sapientes
2515 804 2668 874 sola

532 934 662 1007 per
692 933 766 980 se
788 936 807 997 3
832 906 1083 980 beatos
1120 907 1381 979 efficiat
1403 963 1422 996 ,
1442 913 1710 994 necne,
1732 908 1878 979 sola
1910 933 2042 1006 per
2067 934 2144 980 se
2163 964 2182 995 ,
2203 912 2504 1008 quaestio
2531 929 2663 985 est.

530 1022 773 1110 Quare
800 1044 1025 1118 quum
1052 1022 1129 1090 in
1160 1020 1721 1117 disputationem
1751 1018 2084 1091 inciderit
2104 1045 2318 1093 causa
2343 1021 2666 1094 efficiens

529 1130 801 1228 aliquid
836 1134 1269 1218 necessario,
1308 1132 1462 1201 sine
1505 1129 1960 1203 dubitatione
2006 1130 2281 1220 licebit,
2323 1134 2525 1231 quod
2555 1134 2664 1205 ef·

526 1240 771 1313 ficitur
812 1240 905 1311 ab
948 1266 1029 1325 ea
1070 1266 1317 1327 causa,
1358 1240 1815 1313 concludere.

628 1356 811 1423 XVI.
872 1354 1121 1441 Quum
1166 1364 1409 1421 autem
1452 1354 1592 1422 erit
1639 1351 1802 1421 talis
1843 1374 2092 1439 causa,
2141 1366 2224 1423 ut
2265 1354 2342 1423 iu
2384 1378 2469 1425 ea
2511 1378 2662 1425 non

529 1466 621 1533 sit
661 1460 1021 1533 efficiendi
1054 1462 1474 1547 necessitas3
1521 1462 1919 1531 necessaria
1958 1462 2328 1533 conclusio
2365 1488 2516 1533 non
2553 1487 2664 1535 se-

531 1574 799 1669 quitur.
858 1575 1096 1666 Atque
1148 1570 1324 1641 illud
1370 1571 1664 1667 quidem
1722 1596 1950 1667 genus
2005 1596 2421 1659 causarum,
2459 1573 2664 1671 quod

529 1680 751 1752 habet
767 1683 911 1749 vim
940 1678 1303 1751 efficiendi
1324 1681 1792 1751 necessariam
1812 1735 1831 1767 ,
1865 1704 2188 1759 errorem
2223 1680 2482 1754 afferre
2511 1708 2662 1754 non

531 1790 681 1863 fere
725 1791 949 1879 solet3
988 1789 1127 1861 hoc
1169 1806 1405 1861 autem
1428 1845 1447 1877 ,
1484 1790 1639 1861 sine
1676 1814 1828 1887 quo
1853 1801 1874 1833 ¹
1915 1816 2066 1860 non
2103 1789 2438 1877 efficitur,
2475 1816 2662 1889 saepe

530 1901 941 1973 conturbat.
972 1903 1136 1971 Non
1172 1901 1399 1985 enim,
1430 1899 1489 1971 si
1527 1901 1678 1969 sine
1707 1898 2126 1996 parentibus
2165 1899 2294 1969 filii
2321 1926 2472 1971 esse
2509 1926 2662 1971 non

528 2025 874 2110 possunt,
914 2026 1298 2123 propterea
1336 2033 1550 2081 causa
1582 2008 1772 2082 suit
1755 2034 1831 2079 m
1863 2008 2279 2109 parentibus
2319 2010 2666 2107 gignendi

529 2121 948 2191 necessaria.
987 2124 1142 2191 Hoc
1175 2120 1416 2216 igitur,
1446 2122 1600 2189 sine
1627 2144 1778 2215 quo
1818 2144 1968 2189 non
1999 2118 2119 2203 fit,
2155 2118 2248 2190 ab
2285 2146 2408 2206 eo,
2443 2146 2484 2191 a
2509 2146 2662 2217 quo

530 2245 729 2302 certo
774 2229 925 2315 fit2,
964 2229 1344 2327 diligenter
1390 2243 1497 2300 est
1537 2228 2041 2327 separandum.
2087 2229 2276 2301 Illud
2313 2232 2506 2303 enim
2551 2246 2666 2302 est

418 2363 431 2375 ·
530 2340 899 2438 tamqua'm
923 2395 942 2427 ,

726 2483 964 2543 Utinam
996 2501 1071 2540 ne
1094 2481 1153 2538 in
1188 2490 1429 2540 nemore
1456 2483 1621 2541 Pelio
1648 2481 1949 2540 securibus

726 2579 886 2634 Caesa
918 2573 1259 2632 cecidisset³
1290 2573 1538 2652 abiegna
1570 2575 1643 2638 ad
1681 2589 1894 2633 terram
1929 2573 2152 2634 trabes!

527 2708 677 2779 Nisi
709 2711 899 2777 enim
941 2705 1314 2776 cecidisset
1345 2705 1690 2803 abiegna‘*
1727 2705 1814 2778 ad
1843 2720 2104 2778 terram
2141 2707 2420 2797 trabes,
2467 2714 2660 2808 Argo

526 2818 647 2890 illa
691 2817 874 2888 facta
918 2831 1067 2887 nori
1109 2831 1293 2887 esset
1338 2843 1351 2884 :
1404 2840 1540 2886 nec
1584 2831 1825 2886 tamen
1881 2814 2019 2886 fuit
2057 2819 2130 2885 in
2175 2817 2285 2887 his
2331 2817 2662 2890 trabibus

527 2924 886 2999 efficiendi
923 2927 1027 2994 vis
1084 2927 1499 2996 necessaria.
1565 2931 1657 2997 At
1717 2951 1949 3023 quum
2006 2928 2078 2995 in
2131 2928 2363 3022 Ajacis
2420 2935 2663 3000 navim

527 3029 1134 3131 «crispisulcans5
1166 3035 1453 3131 igneum
1490 3035 1812 3106 fulmen»
1841 3037 2182 3131 injectum
2218 3053 2360 3127 est,
2396 3037 2665 3111 inflam-

598 3216 740 3262 XVI.
768 3228 788 3259 1
802 3247 815 3260 .
847 3213 949 3258 Hoc
970 3223 1150 3274 aretem,
1168 3212 1275 3261 sine
1292 3229 1406 3277 quo.
1424 3215 1550 3261 Boe·
1709 3213 1758 3260 3.
1793 3209 1938 3260 Caesa
1963 3211 2216 3260 cecidisset
2235 3213 2458 3280 abiegna.
2489 3213 2666 3264 Sohiit·

530 3294 626 3341 tius
647 3300 787 3356 putat
815 3289 1101 3338 Ciceronem
1130 3291 1235 3338 haec
1260 3291 1449 3354 plenius
1476 3292 1549 3339 di·
1639 3292 1743 3339 zius
1778 3291 1924 3340 dat·
1901 3307 2065 3340 ncaesa
2104 3292 2415 3340 accidisset».
2451 3294 2561 3342 Vid.
2600 3295 2664 3343 de

530 3387 637 3420 cere
656 3368 892 3424 debuisse,
915 3384 961 3414 v.
986 3385 1030 3416 c.
1056 3369 1188 3418 «hoc
1205 3382 1395 3428 autem,
1414 3369 1552 3433 quod
1639 3373 1829 3420 Iuvent.
1859 3373 1908 3429 1,
1941 3380 2024 3433 49.

528 3467 631 3500 non
652 3447 796 3496 babet
817 3445 1063 3494 efficiendi
1088 3450 1184 3495 vim
1211 3451 1548 3509 neeessariam,
1705 3457 1753 3505 4.
1807 3447 2066 3496 cecidisset
2114 3447 2344 3514 abiegna.
2375 3448 2663 3501 .Schiitziu⁸

524 3529 605 3578 vel
627 3531 729 3576 aine
760 3543 861 3591 qno
888 3543 989 3575 uon
1018 3525 1242 3586 efficitur,
1274 3543 1401 3592 σερε
1426 3543 1546 3575 eon·
1635 3544 1746 3576 cum
1773 3527 1968 3578 Lnllem.
2000 3528 2338 3577 «cecidissent
2369 3528 2658 3593 abiegna„

530 3609 691 3658 turbat
714 3631 757 3654 ιι.
788 3608 1015 3656 Ceterum
1041 3607 1109 3654 sic
1127 3623 1230 3654 esse
1256 3623 1283 3654 a
1310 3608 1548 3655 Cicerone
1637 3609 1754 3655 Haee
1770 3642 1786 3667 ,
1829 3608 1994 3671 iuquit
2023 3608 2137 3656 Sch.
2170 3607 2316 3655 lectio
2357 3609 2662 3671 preferenda

528 3690 763 3753 scriptum
784 3723 797 3745 ‚
829 3696 883 3733 ut
910 3685 1090 3745 editur,
1118 3696 1251 3750 petet
1282 3705 1307 3734 e
1344 3701 1550 3750 sequen·
1634 3686 1791 3735 alteri.
1828 3689 2002 3736 Cicero
2035 3687 2162 3735 enim
2205 3689 2442 3751 poeticam
2482 3687 2662 3738 dictio-

527 3769 685 3828 tibus,
702 3766 787 3814 ubi
814 3765 995 3829 pariter
1012 3781 1185 3828 genus,
1206 3767 1309 3813 sine
1331 3782 1430 3829 quo
1445 3780 1547 3813 non
1637 3781 1748 3814 nem
1775 3768 1826 3814 in
1862 3765 2131 3830 pedestrem
2156 3783 2424 3814 sermonem
2453 3783 2657 3816 couver-

526 3847 614 3910 fit,
638 3847 796 3895 solnm
820 3845 1037 3908 ponitur.
1060 3847 1191 3894 Eur.
1635 3847 1714 3894 tit.
1749 3848 1811 3893 Ei
1843 3845 2020 3910 plurali
2063 3861 2188 3911 opus
2223 3863 2326 3894 esse
2359 3845 2540 3895 docent
2579 3865 2660 3896 ne·

598 3942 651 3974 2.
674 3925 720 3970 A
739 3938 835 3987 quo
863 3923 1085 3990 eet-eosic.
1106 3924 1184 3970 Sic
1204 3923 1338 3972 dedit
1358 3925 1548 3972 Emest.
1636 3925 1850 3989 quentia.

525 4017 573 4052 et
600 4013 712 4068 post
739 4019 849 4050 eum
875 4000 1071 4050 Schiitz.
1101 4018 1164 4050 ex
1185 4003 1262 4052 ed.
1284 4006 1408 4052 Ven.
1430 4003 1547 4052 Ald.
1714 4006 1760 4052 5.
1783 4001 2154 4066 crispisulcans.
2181 4003 2379 4053 Boetius
2402 4003 2556 4053 divise
2573 4022 2656 4054 ac·-

526 4099 617 4145 pro
640 4083 731 4128 «in
750 4095 850 4144 quo
874 4091 1005 4129 certe
1024 4079 1083 4130 {it
1102 4103 1144 4130 ιι.
1639 4083 1793 4146 cepit,
1828 4092 1877 4129 et
1913 4081 2063 4147 crispi
2095 4083 2237 4160 refert
2269 4082 2332 4131 ad
2373 4083 2559 4149 Ajacis.
2597 4087 2660 4132 In
