2982 4682
488 421 629 494 308
1178 417 1271 485 M.
1316 417 1397 486 T.
1450 403 1938 487 CICERONIS

482 544 699 616 ficere
721 551 1091 638 oporteat,
1148 535 1423 608 dictum
1454 551 1596 625 est;
1650 536 2018 633 reliquum
2057 551 2202 625 est,
2244 553 2330 609 ut
2371 555 2612 614 osten-

481 655 715 740 datur,
754 648 1022 746 quibus
1048 671 1359 744 quaeque
1386 671 1500 718 res
1531 646 1936 718 rationibus
1967 645 2227 719 confici
2257 655 2502 748 possit.

584 760 1071 834 Benivolentia
1106 772 1421 855 quatuor
1463 781 1555 828 ex
1597 756 1774 829 locis
1811 771 2272 855 comparatur
2305 787 2322 829 ε
2360 759 2452 830 ab
2483 786 2617 832 no-

480 890 662 959 stra,
698 871 791 942 ab
819 868 1391 940 adversariorum
1413 921 1433 954 ,
1466 865 1560 936 ab
1594 865 1926 961 judicum
1961 889 2304 963 persona,
2333 866 2428 938 ab
2461 870 2618 967 ipsa

480 993 761 1056 causa1.
792 979 905 1050 Ab
922 988 1244 1067 nosti-2²,
1280 979 1339 1047 si
1379 975 1469 1047 de
1507 979 1774 1048 nostris
1812 975 2012 1048 factis
2049 990 2122 1047 et
2165 975 2420 1049 officiis
2461 981 2618 1051 sine

479 1091 885 1190 arrogantia
913 1087 1267 1176 dicemus3
1306 1087 1365 1158 si
1396 1088 1694 1158 crimina
1718 1085 1944 1175 illata,
1981 1101 2052 1158 et
2077 1086 2349 1186 aliquas
2375 1091 2617 1162 minus

476 1205 814 1275 honestas
858 1193 1347 1296 suspiciones-³
1384 1197 1686 1292 injectas
1732 1198 2136 1286 diluemus;
2181 1203 2272 1284 si,
2305 1225 2466 1297 quae
2504 1204 2616 1271 in-

477 1310 861 1386 commoda
900 1308 1327 1396 acciderint,
1386 1323 1513 1378 aut
1573 1331 1736 1405 quae
1803 1310 2076 1379 instent
2129 1307 2614 1400 difficultates,

475 1421 973 1522 proferemus;
1012 1420 1071 1490 si
1090 1442 1307 1516 prece
1332 1473 1351 1506 ,
1381 1434 1453 1490 et
1482 1419 1988 1491 obsecratione
2019 1418 2313 1509 humili,
2342 1445 2424 1492 ac
2447 1445 2616 1519 sup-

474 1533 645 1630 plici
677 1545 988 1601 utemur.
1030 1527 1140 1599 Ab
1187 1529 1776 1601 adversariorum
1808 1545 2087 1614 autem,
2121 1533 2178 1602 si
2215 1555 2344 1606 eos
2377 1547 2501 1604 aut
2537 1537 2614 1602 in

475 1643 725 1713 odium
746 1695 763 1728 ,
789 1642 1017 1743 autin
1048 1639 1391 1710 invidiam
1416 1695 1435 1730 ,
1474 1656 1600 1711 aut
1632 1644 1709 1711 in
1734 1643 2352 1739 contemptionem
2383 1641 2613 1714 addu-

474 1777 743 1824 cemus,
778 1753 860 1820 In
898 1748 1147 1820 odium
1187 1749 1670 1837 adducentur,
1695 1752 1753 1822 si
1787 1752 1986 1848 quod
2021 1776 2274 1825 eorum
2313 1777 2613 1851 spurce,

473 1861 826 1960 superbe,
870 1859 1281 1947 crudeliter,
1322 1861 1676 1931 malitiose
1702 1859 1972 1932 factum
2004 1860 2416 1959 proferetur
2433 1867 2488 1932 4.
2528 1865 2614 1932 In

472 1970 851 2059 invidiam,
891 1972 948 2042 si
994 1971 1101 2040 vis
1146 1993 1439 2056 eorum,
1478 1972 1839 2068 potentia,
1875 1970 2181 2060 divitiae,
2234 1973 2568 2069 cognatio
2594 2023 2614 2059 ,

474 2079 799 2178 pecuniae
852 2075 1341 2175 proferentur,
1386 2093 1608 2175 atque
1655 2103 1908 2150 eorum
1951 2103 2126 2152 usus
2167 2105 2511 2181 arrogans
2541 2097 2615 2152 et

472 2187 988 2276 intolerabilis3
1050 2202 1138 2257 ut
1195 2187 1313 2258 his
1366 2187 1584 2259 rebus
1637 2193 1862 2285 magis
1913 2189 2329 2279 videantur,
2391 2213 2611 2289 quam

476 2323 703 2373 causae
736 2323 881 2371 suae
924 2297 1316 2371 confidere.
1355 2301 1438 2369 In
1482 2300 2098 2399 contemptionem
2133 2301 2610 2393 adducentur,

472 2412 529 2483 si
600 2434 857 2481 eorum
916 2413 1173 2479 inertia
1196 2464 1215 2494 ,
1285 2409 1757 2512 negligentia,
1801 2413 2111 2508 ignavia,
2167 2412 2612 2486 desidiosum

472 2522 829 2606 studium,
852 2534 925 2591 et
950 2520 1401 2590 luxuriosum
1441 2524 1672 2590 otium
1715 2520 2144 2619 proferetur.
2175 2523 2289 2596 Ab
2324 2526 2608 2597 audito·
2639 2544 2644 2550 '

474 2656 637 2702 rum
689 2619 1044 2727 persona⁵
1070 2628 1588 2733 ‚benivolentia
1635 2632 2066 2730 captabitur,
2102 2634 2159 2705 si
2197 2659 2312 2707 res
2360 2634 2450 2706 ab
2497 2636 2610 2707 his

472 2744 755 2813 fortiter
773 2797 792 2830 ,
822 2742 1205 2840 sapienter,
1236 2756 1615 2813 mansuete
1645 2758 1857 2839 gestae
1888 2742 2382 2842 proferentur,
2409 2760 2493 2816 ut
2517 2770 2610 2818 ne

473 2875 619 2948 qua
663 2850 1045 2921 assentatio
1084 2850 1304 2919 nimia
1346 2852 1825 2948 significetur3
1868 2867 1940 2923 et
1968 2856 2068 2943 si,
2111 2852 2203 2927 de
2237 2854 2352 2927 his
2389 2880 2610 2953 quam

542 3047 684 3093 xvl.
708 3060 756 3093 ι.
783 3043 863 3091 Ab
892 3041 1001 3107 ipsa
1030 3058 1205 3091 causa.
1224 3044 1500 3107 Legebantur

476 3135 613 3173 antea
640 3122 703 3171 ab
734 3120 843 3186 ipsa
868 3136 950 3181 re,
976 3121 1063 3170 ned
1089 3132 1265 3187 praeter
1294 3122 1411 3171 Pall.
1442 3124 1496 3171 in

475 3217 686 3268 qnorum
724 3198 940 3249 secundo
978 3200 1185 3250 alterum
1232 3202 1455 3251 exstabat
1476 3216 1493 3251 ε

477 3298 587 3331 nam
614 3296 691 3344 pr.
714 3290 763 3327 et
784 3289 891 3327 tert.
910 3280 974 3326 ab
994 3296 1163 3339 emesa,
1186 3280 1290 3329 sine
1311 3297 1496 3345 prono·

474 3364 633 3419 mine,
669 3357 807 3423 quod
828 3369 986 3407 tamen
1010 3361 1065 3407 in
1090 3360 1305 3409 editione
1323 3361 1496 3408 Victo-

474 3442 554 3491 rii.
586 3442 751 3490 cnam».
790 3466 859 3476 —
890 3440 1049 3489 Habet
1084 3442 1201 3489 Her.
1242 3457 1314 3487 «a
1352 3440 1498 3489 rebus

474 3520 595 3585 ipsiu
606 3542 649 3567 n.

548 3616 596 3651 a.
613 3600 690 3647 Ab
712 3609 900 3647 nostra.
930 3594 1131 3647 Schiitz.
1160 3594 1300 3643 addit
1318 3612 1496 3661 perso-

474 3696 572 3738 na,
605 3678 743 3744 quod
772 3678 827 3725 in
856 3677 970 3725 loco
1010 3676 1155 3723 simili
1197 3676 1401 3740 ponitur
1430 3678 1496 3727 ad

472 3762 687 3809 Herenn.
716 3759 739 3805 1
764 3792 781 3818 ,
818 3758 865 3803 5.
906 3757 1091 3819 Nempe
1123 3756 1235 3818 quia
1264 3766 1377 3821 post
1410 3758 1496 3805 illa

474 3840 579 3889 ..ab
616 3835 1093 3897 nostra-..judicum
1126 3850 1331 3898 persona
1358 3856 1379 3879 ο
1418 3838 1496 3884 in-

474 3918 713 3979 terjicitur
752 3936 775 3959 ι
800 3914 863 3963 ab
888 3914 993 3977 ipsa
1020 3928 1165 3963 causa
1184 3914 1337 3977 »,hie
1356 3930 1496 3981 repe-

474 3996 672 4047 tendum
694 4004 769 4041 est
790 4008 1017 4055 persona.
1048 3992 1165 4039 Son.

544 4076 595 4125 3.
634 4076 877 4123 Honestas
921 4071 1233 4138 suspiciones.
1268 4075 1329 4121 In
1376 4074 1491 4124 eod.

472 4154 572 4203 Erf.
600 4164 671 4202 est
704 4150 1045 4218 suspicationes
1062 4188 1078 4218 ,
1118 4152 1251 4203 unde
1272 4154 1496 4203 Gravius

1583 3045 1956 3110 smper-tationes
1979 3046 2002 3113 (
2020 3064 2047 3095 a
2069 3048 2328 3116 suspecto)
2349 3048 2612 3114 legendnm

1583 3125 1788 3187 putavit.
1813 3128 1934 3176 sun.

1655 3212 1706 3260 4.
1759 3204 2006 3255 Malitiose
2055 3204 2255 3272 sactum
2315 3206 2609 3273 proferetur.

1583 3284 1831 3336 Grevenb.
1857 3286 2170 3343 ostendatur,
2201 3288 2482 3353 placuitque
2505 3290 2610 3338 Gn-

1581 3363 1802 3413 lielmio:
1841 3366 1928 3413 sed
1963 3376 2094 3414 stant
2125 3382 2220 3431 pro
2255 3368 2448 3431 vulgata
2485 3367 2606 3417 Pan.

1585 3454 1698 3491 tres.
1721 3444 1891 3495 Gnnr.

1659 3524 1706 3572 5.
1739 3524 1818 3571 Ab
1843 3522 2116 3573 auditorum
2139 3540 2368 3589 persona.
2391 3526 2555 3574 (ἐι-εν.
2579 3542 2610 3575 ο

1581 3602 1710 3651 Mss
1746 3602 1938 3650 dnobus
1981 3602 2164 3669 recepit
2196 3604 2418 3667 judicum
2440 3639 2457 3664 ,
2487 3620 2608 3669 pro-

1583 3678 1762 3744 batque
1781 3682 2007 3731 Ondend.
2033 3682 2092 3730 Id
2111 3686 2200 3731 etsi
2221 3684 2391 3732 melius
2409 3698 2612 3749 respon-

1585 3759 1668 3809 det
1695 3760 1846 3809 verbo
1872 3760 2007 3825 quod
2035 3774 2106 3811 eet
2133 3764 2186 3811 in
2210 3764 2507 3827 partitione,
2535 3774 2610 3811 ta-

1583 3856 1696 3888 men
1723 3842 1836 3903 quia
1871 3850 1918 3888 et
1951 3840 2002 3888 in
2038 3840 2176 3889 libris
2211 3842 2276 3890 ad
2303 3842 2609 3891 Herennium

1583 3920 1654 3966 sie
1675 3918 1920 3967 auditores
1944 3922 2102 3985 reperi
2121 3954 2138 3981 ,
2173 3937 2276 3969 non
2319 3936 2466 3971 ausus
2502 3936 2610 3969 nnn

1581 3996 1638 4044 id
1665 3997 1868 4060 imitari,
1905 4014 2198 4064 quamquam
2225 4000 2350 4047 nihil
2377 4002 2498 4049 alias
2533 4012 2611 4047 ro-

1583 4076 1676 4125 fert
1701 4086 1866 4127 utrum
1897 4078 2046 4144 legas.
2096 4080 2180 4131 Sic
2206 4092 2327 4129 mox.
2361 4100 2386 4121 ιι
2403 4080 2468 4127 ιὰ
2493 4092 2608 4137 eoa,

1583 4154 1672 4221 qui
1697 4156 1906 4209 andiunt
1919 4180 1946 4201 ι
1962 4192 1977 4220 ,
2007 4158 2096 4208 nbi
2120 4155 2512 4223 parites-judices
2527 4157 2609 4204 in-
