2982 4682
802 318 933 386 AD
973 267 1560 406 nERENNmM,
1607 321 1873 390 LIBER
1924 321 2029 408 11,
2082 317 2195 391 30.
2434 301 2569 389 '105

429 440 554 509 riae
581 435 1026 510 ostentandae
1067 463 1299 512 causa.
1356 442 1825 541 Quapropter
1864 441 2151 514 initium
2190 465 2569 514 enumera·
2616 505 2621 508 .

429 550 650 619 tionis
679 549 1120 622 sumendum
1148 566 1256 624 est
1293 577 1334 624 a
1364 551 1719 626 divisione
1758 581 1773 624 ε
1816 550 2081 627 deinde
2111 552 2369 625 ordine
2402 551 2570 624 bre-

429 659 614 730 viter
638 659 1090 759 exponendae
1115 677 1288 734 sunt
1307 688 1423 735 res
1441 719 1460 753 ,
1501 688 1665 762 quae
1688 676 2007 735 tractatae
2040 678 2255 736 erunt
2282 666 2357 734 in
2392 686 2570 734 con-

427 767 838 842 firmatione
860 825 880 859 ,
922 785 998 844 et
1037 769 1563 844 confutatione.
1602 772 2086 872 Amplificatio
2130 787 2240 844 est
2262 783 2327 861 7,
2368 797 2531 871 quae
2554 827 2575 858 ,

429 903 561 977 per
579 879 822 952 locum
845 905 1311 955 communem
1335 937 1354 972 ,
1385 885 1871 984 instigationis
1901 883 2315 954 auditorum
2358 906 2571 954 causa

427 990 758 1060 sumitur.
805 992 981 1062 Loci
1038 986 1515 1066 communes⁸
1551 1017 1643 1066 ex
1674 994 1925 1066 decem
1956 994 2333 1092 praece‘ptis
2369 1017 2566 1065 com-

425 1097 840 1172 modissime
881 1117 1278 1174 sumuntur
1315 1102 1723 1202 adaugendi
1772 1104 2091 1176 criminis
2129 1128 2363 1175 causa.
2407 1104 2567 1175 Pri-

423 1233 588 1281 mus
623 1210 829 1284 locus
873 1217 1184 1284 sumitur
1217 1213 1310 1286 ab
1347 1216 1812 1302 auctoritate,
1856 1237 2087 1312 quum
2127 1236 2567 1286 commemo-

421 1343 705 1411 ramus,
743 1335 1030 1420 quantae
1066 1347 1258 1396 curae
1285 1349 1369 1397 ea
1407 1347 1527 1398 res
1560 1321 1784 1396 fuerit
1818 1321 1955 1396 diis
1988 1322 2521 1396 immortalibus
2543 1376 2566 1413 ,

421 1445 549 1501 aut
584 1431 985 1527 majoribus
1027 1438 1332 1524 nostris,
1371 1435 1709 1534 regibus,
1754 1433 2205 1521 civitatibus,
2256 1435 2568 1506 nationi·
2606 1521 2633 1536 α

417 1539 650 1631 hus⁹‚
689 1541 1112 1616 hominibus
1142 1547 1722 1643 sapientissimis,
1774 1547 2093 1634 senatui,
2132 1545 2307 1616 item
2342 1543 2565 1614 maxi-

416 1675 573 1741 me,
633 1676 783 1750 quo
823 1654 1048 1728 modo
1102 1656 1194 1756 de
1250 1657 1362 1728 his
1417 1656 1640 1730 rebus
1702 1657 1985 1756 legibus
2039 1658 2393 1730 sancitum
2447 1658 2558 1726 sit.

417 1762 795 1836 Secundus
821 1765 1036 1838 'locus
1062 1782 1210 1856 est,
1254 1793 1490 1866 quum
1520 1768 2099 1859 consideramus,
2128 1767 2265 1838 illae
2290 1791 2437 1854 reS,
2468 1765 2561 1868 de
2626 1799 2635 1810 ·

417 1873 690 1971 quibus
725 1877 1234 1967 criminamur,
1276 1877 1367 1949 ad
1422 1902 1611 1976 quos
1658 1881 2071 1978 pertineant
2114 1904 2129 1946 :
2175 1891 2423 1948 utrum
2469 1874 2561 1946 ad

415 2008 702 2076 omnm,
718 1986 920 2084 quod
948 1989 1480 2061 atrocissimum
1502 2004 1611 2060 est
1633 2015 1653 2076 ;
1672 2013 1767 2060 an
1782 1988 1873 2060 ad
1890 1988 2301 2086 superiores
2322 2041 2340 2074 ,
2359 1984 2569 2083 quod

412 2121 646 2194 genus
666 2099 719 2169 ii
743 2113 916 2170 sunt
933 2153 952 2188 ,
982 2122 1023 2170 a
1056 2099 1329 2197 quibus
1361 2100 1807 2172 auctoritatis
1832 2097 2037 2170 locus
2058 2107 2123 2141 ¹⁰
2151 2099 2561 2168 communis

413 2208 762 2296 sumitur3
819 2235 912 2280 an
971 2210 1062 2282 ad
1109 2236 1351 2310 pares,
1397 2211 1543 2283 hoc
1588 2225 1734 2299 est,
1786 2214 1865 2282 iu
1910 2207 2181 2281 eisdem
2232 2205 2559 2307 partibus

409 2320 664 2408 animi,
686 2323 1050 2420 corporis,
1088 2319 1547 2396 fortunarum
1568 2323 1880 2423 positos;
1900 2344 1991 2393 an
2021 2319 2111 2393 ad
2136 2317 2516 2391 inferiores
2537 2374 2557 2409 ,

409 2430 543 2528 qui
575 2431 920 2504 omnibus
967 2432 1082 2505 his
1125 2435 1348 2509 rebus
1405 2433 1962 2507 antecelluntur..
2013 2434 2299 2503 Tertius
2352 2430 2557 2501 locus

410 2555 554 2630 est,
580 2566 732 2639 quo
767 2560 1364 2643 percunctamur,
1398 2546 1577 2643 quid
1606 2548 1698 2617 sit
1734 2558 2209 2631 eventurum,
2240 2543 2295 2611 si
2324 2543 2557 2613 omni-

406 2650 552 2757 bus
579 2652 773 2725 idem
803 2655 1245 2728 concedatur
1275 2684 1292 2726 :
1330 2671 1402 2728 et
1438 2682 1523 2729 ea
1550 2683 1631 2729 re
1663 2656 1989 2753 neglecta
2010 2709 2029 2744 ,
2062 2652 2553 2739 ostendimus,

410 2760 590 2859 quid
633 2766 1128 2862 periculorum
1157 2782 1380 2865 atque
1407 2766 2045 2840 incommodorum
2072 2775 2127 2811 ¹¹
2158 2787 2555 2860 consequa·

481 2984 530 3029 7.
565 2968 898 3038 Amplg'ficatio
932 2982 1021 3021 est.
1058 2974 1118 3019 In
1151 2972 1316 3037 vulgg.
1351 2973 1437 3021 ad-

405 3048 544 3097 ditur
565 3064 670 3108 res,
697 3048 835 3114 quod
860 3051 1143 3099 auctoribus
1165 3052 1292 3101 Mss
1319 3053 1435 3119 plu-

403 3127 568 3189 ribus,
604 3128 684 3178 ed.
721 3128 926 3177 mediol.
954 3134 1086 3193 τις-74
1104 3166 1121 3193 ,
1149 3130 1433 3181 delevimus.

1528 2984 1625 3023 tem
1661 2972 1735 3021 rei
1762 2968 2116 3037 amplificando
2151 2980 2203 3018 et
2242 2968 2435 3017 crimini
2472 2986 2555 3017 au·

1526 3052 1691 3119 gendo
1714 3052 1843 3118 aptis
1861 3052 1969 3101 Cic.
1995 3050 2056 3099 de
2075 3051 2214 3098 Orat.
2240 3051 2334 3108 111,
2362 3065 2448 3113 η,
2463 3050 2552 3114 qui

1524 3135 1575 3180 in
1602 3134 1738 3181 Brut.
1760 3148 1824 3180 ex
1842 3131 2051 3180 Aristot.
2068 3128 2217 3178 refert
2238 3145 2265 3176 a
2285 3132 2553 3194 Protagora

401 3206 535 3256 Ean.
559 3234 630 3245 -
647 3208 742 3257 Bes
759 3208 896 3257 abest
915 3224 1116 3273 quoque
1133 3209 1260 3259 MSS
1285 3212 1436 3263 Voss.
1522 3222 1712 3278 paratas
1734 3228 1892 3260 rerum
1910 3210 2173 3259 illustrium
2196 3208 2554 3275 disputationes

409 3286 528 3346 1‚3,
551 3284 693 3335 Leid.
729 3302 780 3347 1,
810 3302 860 3346 a,
887 3288 940 3337 3.
972 3286 1090 3337 Sca.
1116 3288 1430 3353 —Ampliffi

401 3366 644 3435 catione-
675 3366 780 3415 Cic.
805 3366 972 3430 partit.
1010 3370 1042 3415 8
1063 3367 1218 3418 dicit:
1246 3390 1271 3410 ιι
1285 3368 1432 3418 vehe-

400 3456 612 3494 mentem
640 3445 900 3510 quamdam
919 3448 1389 3511 argumentationem
1411 3484 1428 3510 ,

401 3534 540 3573 etc.»
573 3541 623 3575 c.
661 3526 756 3583 15,
797 3548 824 3569 α
858 3526 1130 3591 graviorem
1170 3526 1428 3591 quamdam

396 3600 775 3653 affirmationem
795 3622 853 3665 υς
899 3620 1010 3669 quae
1057 3616 1198 3655 motu
1239 3607 1428 3655 animo-

397 3698 508 3729 rum
551 3682 786 3733 conciliet
814 3684 866 3732 iu
912 3683 1124 3733 dicendo
1153 3682 1299 3733 fldem
1318 3721 1334 3745 ‚
1374 3702 1424 3751 q.

393 3761 447 3809 h.
473 3760 510 3810 Ι.
538 3772 612 3810 est
637 3762 913 3828 «instigare
938 3762 1187 3811 auditores
1209 3784 1251 3813 ι.
1282 3765 1428 3814 Adde

394 3840 572 3905 Quint.
593 3844 642 3890 8.
665 3844 836 3891 Wrn.

467 3922 516 3969 8.
561 3922 684 3969 Loci
705 3938 1003 3972 cornemmes.
1041 3922 1216 3971 Fusius
1249 3923 1424 3973 Cicero

393 3998 456 4049 de
489 4000 620 4049 locis
649 4002 994 4051 communibus
1021 4002 1074 4052 iu
1099 4002 1188 4051 lib.
1217 4002 1280 4051 de
1307 4006 1418 4051 Inv.

390 4090 442 4132 et
464 4084 740 4147 pra-sertim
763 4084 814 4133 iu
834 4082 1058 4150 Topicis.
1093 4084 1168 4132 De
1185 4083 1308 4133 locis
1335 4102 1423 4134 au·

1523 3308 1634 3357 quae
1658 3306 1791 3340 nunc
1826 3305 2110 3341 communes
2140 3289 2450 3355 appellantur
2472 3289 2551 3337 lo·
2605 3345 2615 3354 ι

1518 3372 1583 3420 ci.
1614 3374 1793 3421 Wrrz.

1590 3467 1641 3514 9.
1696 3450 1907 3517 Regibus
1923 3484 1939 3509 ,
1990 3448 2266 3499 civitatibus
2282 3482 2298 3509 ,
2354 3448 2549 3498 nation.

1517 3529 1644 3581 Edd.
1674 3532 1809 3593 1476
1827 3564 1843 3590 ,
1867 3530 2231 3597 magistratibus
2259 3544 2351 3593 pro
2365 3527 2547 3578 civitat.

1516 3636 1587 3659 «τ-
1605 3608 1897 3659 Natiom’bus
1920 3609 2057 3657 abest
2076 3609 2194 3658 cod.
2210 3608 2342 3657 Pith.
2366 3610 2482 3656 Sca.

1594 3704 1677 3739 ιο.
1707 3692 1860 3737 locus
1878 3687 2146 3736 communis
2160 3688 2375 3736 sumitur.
2395 3686 2551 3735 Abest

1516 3768 1785 3815 communis
1805 3784 1832 3815 a
1856 3768 1945 3815 Ms
1971 3768 2105 3832 Lips.
2142 3777 2300 3825 recte,
2330 3776 2385 3813 nt
2416 3765 2549 3813 arbi-

1514 3858 1631 3896 tror.
1664 3848 1797 3895 Ean.

1591 3942 1612 3974 1
1628 3943 1671 3975 1.
1712 3922 2018 3974 Ostendimus
2034 3958 2051 3985 ,
2098 3923 2223 3988 quid
2243 3940 2351 3989 per.
2394 3932 2549 3986 aeque

1514 4004 1611 4053 inc.
1638 4030 1705 4040 -
1734 4002 2045 4069 Ostendimus
2096 4018 2191 4070 pro
2236 4002 2541 4050 ostendemus

1513 4083 1857 4147 corrigendum
1878 4099 2005 4143 esse,
2024 4100 2100 4132 res
2118 4082 2292 4131 docet:
2310 4081 2546 4147 praeeedit
