2982 4682
291 403 304 408 ·
405 393 438 442 ,ι
457 372 548 455 24

1075 375 1174 442 M.
1227 375 1306 444 Τ.
1362 371 1859 444 CICERONIS

405 487 779 587 oportebit
800 485 854 560 ⁸.
913 494 1279 582 Quoniam
1301 503 1335 554 9
1379 497 1455 562 in
1500 486 1918 586 hujusmodi
1956 477 2189 560 causis
2228 487 2395 562 finis
2432 504 2539 562 est

401 599 705 688 utilitas»,
741 613 815 671 et
855 623 939 670 ea
973 600 1318 675 dividitur
1361 604 1436 672 in
1487 602 1841 673 rationem
1876 612 2105 670 tutam
2136 613 2357 697 atque
2400 599 2539 670 ho-

403 723 680 782 nestam
713 735 730 778 ε
771 711 830 781 si
859 725 1252 810 utrumque
1285 716 1685 811 poterimus
1716 709 2103 782 ostendere
2121 719 2225 797 ¹⁰,
2263 725 2538 784 utrum·

402 820 550 917 que
603 818 1113 918 pollicebimur
1183 847 1318 894 nos
1381 825 1458 895 in
1537 820 1849 894 dicendo
1914 819 2540 892 demonstraturos

407 953 601 1018 esse3
639 931 752 1006 siu
785 930 1091 1004 alterum
1114 931 1676 1004 demonstraturi
1694 932 1961 1006 erimus
1986 939 2072 1018 ¹¹,
2096 928 2538 1028 simpliciter,

405 1037 610 1137 quod
641 1038 904 1114 dicturi
935 1065 1218 1131 sumus,
1247 1041 1731 1122 ostendemus.
1770 1045 1860 1112 At
1888 1041 1949 1112 si
1980 1052 2297 1110 nostram
2326 1041 2541 1110 ratio-

409 1173 581 1220 nem
618 1162 848 1220 tutam
881 1174 1035 1223 esse
1068 1150 1426 1240 dicemus,
1462 1151 1815 1230 divisione
1852 1162 2143 1220 utemur
2178 1150 2254 1220 in
2283 1151 2425 1220 vim
2464 1164 2539 1220 et

403 1259 809 1333 consilium.
865 1264 1084 1348 Nam,
1125 1261 1326 1359 quod
1363 1265 1440 1334 in
1482 1259 1856 1347 docendo,
1916 1261 2021 1343 rei
2069 1258 2542 1341 dilucidanda.-

402 1393 655 1456 causa,
693 1367 947 1440 dolum
981 1370 1499 1468 appellavimus
1520 1425 1540 1460 ‚
1576 1369 1649 1441 id
1682 1371 1765 1463 ‘in
1802 1369 2114 1448 dicendo
2156 1370 2539 1448 honestius

405 1479 788 1552 consilium
855 1480 1398 1578 appellabimus.
1459 1484 1533 1558 Si
1586 1483 1886 1557 rationis
1936 1495 2201 1563 nostrae
2244 1489 2537 1576 senten.-

409 1590 582 1662 tiam
618 1602 890 1668 rectam
929 1614 1082 1662 esse
1119 1589 1469 1679 dicemus,
1500 1606 1575 1664 et
1604 1613 1857 1662 omnes
1890 1602 2131 1688 partes
2156 1587 2339 1658 recti
2364 1587 2538 1656 inci·-

404 1697 581 1771 dent
593 1725 615 1787 3
679 1697 1201 1799 quadripartita
1241 1701 1593 1772 divisione
1642 1715 1933 1771 utemur
1979 1725 1995 1767 ε
2045 1701 2100 1768 si
2150 1722 2301 1768 non
2352 1697 2532 1766 inci?

403 1805 611 1898 dent,
633 1825 816 1906 quot
848 1826 1106 1898 erunt,
1148 1826 1258 1883 tot
1287 1835 1735 1910 exponemus
1762 1811 1836 1880 in
1874 1807 2207 1881 dicendo.
2250 1812 2335 1878 In
2370 1831 2538 1878 con—

403 1915 812 1990 firmatione
857 1935 930 1992 et
980 1919 1480 1993 confutatione
1541 1937 1831 1992 utemur
1866 1919 2080 2008 lociS,
2136 1941 2323 2015 quos
2372 1929 2541 1988 ante

406 2029 888 2121 ostendimus,
931 2035 1194 2104 nostris
1239 2030 1755 2104 confirmandis
1776 2085 1796 2118 ‚
1847 2028 2225 2101 contrariis
2280 2024 2538 2099 confu-

407 2137 662 2213 tandis,
704 2143 1362 2237 Argumentationis
1415 2141 1813 2213 artificiosae
1856 2137 2319 2212 tractandoe¹²
2354 2137 2540 2208 ratio

405 2247 496 2320 de
537 2250 864 2330 secundo
901 2251 1088 2329 libro
1128 2266 1438 2352 petetur.

506 2364 593 2431 V.
653 2360 794 2437 Sed
835 2365 894 2434 si
938 2362 1308 2449 acciderit,
1353 2375 1436 2435 ut
1485 2363 1560 2431 in
1617 2358 2143 2437 consultatione
2199 2357 2400 2438 alteri
2448 2356 2539 2427 ab

409 2484 562 2541 tuta
597 2472 920 2557 ratione,
969 2472 1173 2543 alteri
1223 2471 1315 2543 ab
1363 2472 1702 2557 honesta,
1742 2472 2099 2541 sententia
2137 2468 2264 2554 sit,
2328 2479 2409 2545 ut
2462 2468 2537 2545 in

406 2576 922 2650 deliberatione
961 2603 1254 2669 eorum,
1292 2583 1420 2677 qui
1457 2605 1501 2651 a
1540 2581 1769 2650 Poenis
1799 2578 2243 2649 circumsessi
2272 2574 2539 2647 delibe-

401 2699 603 2775 rant,
641 2686 818 2784 quid
852 2704 1066 2786 agant
1089 2700 1150 2779 ι;
1177 2692 1304 2788 qui
1344 2705 1573 2762 tutam
1596 2690 1948 2761 rationem
1984 2688 2243 2785 sequi²
2282 2685 2537 2758 suade-

478 2917 527 2965 8.
555 2918 783 2967 Narrare
808 2919 1056 2984 oportebit.
1085 2920 1291 2971 Nate-ari
1309 2920 1423 2971 edd.

413 2996 576 3059 1476,
599 2997 734 3046 Med.
758 2997 920 3063 1498,
943 3000 1060 3049 ΔΜ.

479 3090 533 3137 9.
565 3076 826 3140 Quoniam.
854 3076 1052 3128 Schiitz.
1081 3078 1220 3127 addit
1243 3079 1426 3133 antefa

407 3151 636 3201 divisione
647 3173 668 3213 ,·
687 3172 786 3203 non
809 3156 934 3205 solet
949 3158 1078 3207 enim
1091 3193 1106 3218 ‚
1123 3158 1284 3221 inquit
1299 3196 1318 3221 ‚
1341 3176 1426 3209 nu·

409 3242 518 3279 ctor
540 3244 707 3282 noster
729 3236 1036 3285 transitiones
1053 3235 1328 3287 obscurare.

483 3327 564 3359 ιο.
618 3314 883 3363 Poterimus
947 3315 1218 3364 ostendere.
1273 3317 1430 3365 Abest

405 3390 661 3463 ostendere
681 3390 792 3439 edd.
819 3394 979 3454 1476,
1005 3394 1146 3444 Med.
1175 3396 1329 3457 1498.

484 3485 506 3516 1
520 3486 568 3518 1.
591 3470 678 3518 Sin
703 3471 911 3519 alterum
935 3472 1317 3521 demonstraturi
1334 3473 1427 3523 eri-

408 3565 532 3598 mus.
578 3550 821 3611 Primum,
867 3554 982 3615 quia
1025 3553 1272 3617 praecessit
1333 3574 1358 3594 α
1386 3554 1428 3601 si

407 3639 672 3695 utrumque
695 3650 716 3672 a·
734 3664 750 3686 ,
792 3640 878 3678 aut
905 3630 1168 3693 legendnm
1209 3640 1280 3679 est
1311 3632 1429 3679 alte-

409 3717 624 3768 rutrum,
661 3719 748 3756 ent
781 3708 1007 3757 alterum.
1039 3709 1119 3756 Sic
1150 3709 1426 3773 intelligen-

407 3784 525 3837 dum
555 3797 611 3835 ut
629 3804 710 3851 ap.
731 3786 835 3837 cio.
861 3786 1014 3835 Acad.
1029 3790 1107 3848 11,
1127 3788 1212 3848 43.
1238 3789 1426 3839 Deinde

409 3846 534 3913 aem‘.
567 3864 746 3912 erimus
791 3864 926 3913 abest
951 3879 978 3911 a
1005 3866 1096 3915 Ms
1125 3866 1262 3913 Leia.
1289 3868 1426 3931 quod

408 3945 568 4010 placet
591 3943 726 3993 ond.
745 3944 958 4007 itemque
983 3944 1146 3993 Graev.
1171 3946 1258 4008 qui
1283 3948 1424 3995 etiam

405 4025 510 4071 sine
532 4024 662 4071 libro
683 4023 778 4071 hoc
805 4022 1022 4087 spurium
1051 4024 1278 4085 conjecit.
1301 4028 1424 4073 Sane

407 4103 651 4165 eleganter
690 4114 740 4151 et
789 4101 1046 4150 commode
1083 4103 1269 4152 abesset
1303 4104 1425 4155 :sed

1515 2921 1699 2971 Noster
1714 2936 1816 2969 non
1839 2919 1961 2969 solet
1978 2919 2033 2967 in
2055 2917 2233 2967 talibus
2252 2917 2538 2967 brevitatem

1512 3000 1672 3064 sequi.
1688 3000 1901 3049 Scnurz.

1590 3096 1675 3128 ια.
1700 3082 1910 3143 Argum.
1944 3075 2232 3142 artificiosa
2258 3074 2539 3125 tractandoe

1516 3158 1665 3210 racio.
1706 3160 1896 3207 Emest.
1936 3174 2048 3205 eum
2085 3159 2228 3207 Grut.
2252 3154 2535 3203 tractanda.

1517 3238 1656 3297 MSS,
1678 3237 1865 3300 inquit,
1890 3247 1941 3284 et
1970 3236 2083 3284 edd.
2109 3252 2191 3301 pr.
2226 3235 2536 3289 tractandae,-

1518 3315 1650 3379 quod
1678 3319 1719 3365 si
1737 3332 1903 3365 verum
1948 3326 2047 3371 est,
2086 3316 2205 3374 erit,
2239 3325 2297 3363 nt
2334 3314 2535 3377 opinor,

1518 3395 1827 3444 scribendum
1838 3394 2121 3463 artificiose.
2141 3393 2221 3441 sic
2241 3416 2266 3435 κ
2279 3408 2533 3458 argumen-

1517 3475 1725 3523 tationes
1752 3485 1921 3522 omate
1948 3484 2150 3521 tractae
2171 3494 2197 3515 ι·
2236 3483 2307 3521 est
2326 3475 2400 3530 11,
2454 3472 2535 3521 18.

1518 3552 1651 3603 Eur.
1670 3580 1739 3592 --
1760 3554 1841 3605 Sic
1866 3552 2009 3600 habet
2026 3550 2234 3601 Wetzel.

1586 3635 1650 3680 V.
1678 3647 1724 3681 1.
1740 3630 1838 3697 Qui
1856 3648 1894 3679 a
1914 3630 2074 3679 Poem's
2091 3630 2395 3679 circumsessi
2412 3626 2553 3677 deli-⁶

1515 3710 1689 3759 beram
1704 3746 1719 3768 ‚
1748 3710 1874 3776 quid
1892 3722 2071 3776 agant.
2096 3713 2155 3759 ln
2179 3708 2340 3757 Sicilie
2356 3742 2371 3766 ,
2398 3725 2447 3756 e.
2472 3710 2535 3757 U.

1518 3792 1645 3853 496,
1672 3790 1837 3855 priore
1862 3788 1995 3837 bello
2016 3790 2227 3845 Punico,
2253 3803 2403 3850 quum
2426 3786 2539 3836 Cal-

1514 3868 1721 3933 purnius
1752 3867 1959 3915 Flamma
1987 3866 2103 3914 trib.
2116 3866 2322 3915 militum
2354 3868 2535 3915 exerci-

1515 3957 1618 3995 tum
1646 3945 1905 3995 obsidione
1931 3944 2176 3994 liberavit.

1586 4043 1637 4076 2.
1660 4026 1758 4090 Qui
1779 4036 1935 4073 cutam
1952 4024 2187 4073 rationem
2208 4022 2347 4088 sequi
2359 4023 2535 4071 suade·

1514 4105 1599 4155 bit.
1626 4102 1822 4154 Schiitz.
1848 4126 1872 4146 α
1894 4104 1979 4168 qui
2006 4114 2159 4153 tutam
2186 4105 2425 4153 rationem
2442 4101 2535 4163 nd,-
