2982 4682
419 355 512 453 76
1111 361 1207 430 Μ.
1261 363 1335 430 Τ.
1391 364 1881 434 CICERONIS

408 478 714 552 cibilius.
747 478 1028 551 Deinde
1054 473 1427 580 oportebit
1457 488 1683 582 quaeri
1701 539 1719 572 ,
1737 471 2113 583 ipsumne⁵
2142 489 2551 583 oportuerit

401 587 764 683 judicare,
811 603 1056 662 utrum
1092 589 1310 663 fuerit
1357 594 1635 682 utilius,
1672 619 1765 665 an
1806 594 2110 665 aliorum
2156 595 2373 666 fuerit
2407 610 2549 667 sta-

405 698 663 772 tuendi
711 715 1047 800 potestas.
1098 703 1378 776 Deinde
1422 706 1932 802 interponetur
1988 703 2079 776 ab
2134 721 2547 778 accusatore

405 812 724 907 suspicio
757 835 847 883 ex
885 815 1402 886 constitutione
1441 803 1947 912 conjecturali,
1970 802 2209 914 'quare
2251 830 2551 913 putetur

405 943 559 990 uon
595 945 678 992 ea
715 923 994 994 ratione
1031 920 1299 994 factum
1335 948 1529 1014 esse,
1560 950 1710 1023 quo
1752 926 2006 998 melius
2040 926 2385 998 deteriori
2418 950 2546 996 an-

405 1043 903 1127 teponeretur,
929 1031 1056 1104 sed
1089 1031 1260 1104 dolo
1295 1033 1484 1105 malo
1514 1038 1886 1132 negotium
1914 1049 2217 1132 gestum.
2266 1033 2545 1106 Deinde

403 1156 770 1236 quaeretur
793 1195 812 1226 ‚
866 1143 1281 1240 potueritne
1315 1145 1563 1230 vitari,
1602 1170 1698 1217 ne
1734 1146 1811 1216 in
1852 1169 2019 1216 eum
2066 1144 2310 1216 locum
2346 1145 2545 1216 veni·

403 1263 626 1322 retur.
693 1249 802 1322 Ab
856 1249 1236 1324 defensore
1281 1269 1538 1325 contra
1582 1252 1955 1326 refelletur
2014 1253 2543 1352 argumentatio
2590 1297 2596 1304 ·

401 1360 939 1456 conjecturalis,
983 1361 1222 1459 aliqua
1257 1363 1622 1460 probabili
1656 1390 1899 1452 causa,
1936 1364 2027 1437 de
2060 1389 2204 1462 qua
2240 1379 2411 1436 ante
2440 1364 2545 1435 di-

401 1485 602 1542 ctum
648 1484 779 1543 est.
843 1475 968 1543 His
1027 1476 1125 1544 ita
1178 1477 1495 1544 tractatis
1524 1471 1590 1563 ⁶,
1660 1489 2031 1548 accusator
2084 1487 2331 1546 utetur
2378 1474 2543 1545 loco

401 1582 776 1654 communi
801 1583 878 1653 in
904 1605 1106 1670 eum,
1133 1585 1262 1680 qui
1288 1583 1546 1656 inutile
1576 1584 1735 1657 utili
1772 1585 2278 1683 praeposuerit,
2312 1607 2543 1679 quum

403 1691 766 1764 statuendi
799 1716 953 1764 non
993 1693 1341 1766 haberet7
1396 1709 1847 1792 potestatem.
1896 1693 2257 1765 Defensor
2290 1707 2545 1764 contra

401 1805 714 1900 eos‚qui
743 1826 1032 1900 aequum
1057 1819 1432 1894 censeant,
1470 1829 1623 1877 rem
1661 1807 2133 1904 perniciosam
2174 1802 2335 1874 utili
2367 1826 2543 1900 prae-

405 1915 621 2012 poni,
665 1928 915 1988 utetur
952 1915 1114 1988 loco
1161 1917 1537 1988 communi
1583 1939 1715 2012 per
1751 1908 2425 2012 conquestionem⁸‚
2468 1926 2542 1982 et

401 2022 614 2096 simul
653 2039 930 2122 quaeret
953 2023 1046 2095 ab
1083 2024 1657 2111 accusatoribus„
1694 2040 1769 2098 et
1805 2023 1897 2097 ab
1929 2021 2297 2120 judicibus
2332 2023 2543 2120 ipsiS,

401 2131 584 2232 quid
626 2132 883 2207 facturi
929 2152 1209 2224 essent,
1251 2137 1308 2208 si
1366 2139 1445 2208 in
1488 2162 1577 2209 eo
1620 2135 1785 2208 loco
1840 2133 2179 2221 fuissent3
2234 2145 2305 2207 et
2358 2146 2540 2204 tem-

403 2355 500 2407 tim
543 2358 1024 2425 interpretamentum
1085 2359 1281 2408 videtur
1325 2376 1427 2409 eaae

400 2442 486 2489 τοῦ
510 2438 880 2489 conducibilius.
897 2438 1162 2488 Lambinus
1187 2438 1324 2487 dedit
1336 2438 1426 2487 Ιιο-

403 2517 586 2565 mstius
603 2534 632 2566 e
649 2519 930 2579 conjectura
949 2519 1224 2567 namneti
1239 2552 1256 2579 ‚
1274 2520 1429 2566 Mem·

399 2596 490 2643 mii
511 2596 706 2645 Aul-ati.
743 2597 804 2643 Et
841 2596 940 2644 hoc
973 2599 1118 2645 unice
1155 2614 1323 2645 verum
1347 2598 1426 2645 vi·

403 2674 562 2723 daur.
595 2676 722 2725 Nam
749 2678 990 2725 venustati
1023 2676 1078 2726 in
1107 2692 1250 2725 cauaa
1284 2692 1423 2726 eom-

401 2756 617 2820 parativa
644 2755 810 2805 nullm
826 2767 900 2805 eat
919 2756 1073 2807 locua.
1099 2758 1204 2807 Cic.
1229 2756 1292 2806 de
1313 2760 1422 2806 Inv.

399 2837 452 2883 11
465 2869 482 2894 ‚
499 2836 592 2893 25,
609 2846 710 2883 tna
721 2836 838 2885 facit
851 2836 1230 2902 comparationi·
1243 2838 1418 2886 locon:

403 2936 430 2957 σι
451 2914 496 2963 ai
537 2914 686 2973 illud,
731 2916 868 2982 quod
907 2917 1296 2981 comparabitur,
1338 2926 1422 2965 aut

401 3007 506 3043 uon
521 2994 782 3045 honestum
795 3028 810 3053 ,
829 3007 916 3045 aut
932 3012 1034 3046 non
1045 2996 1165 3046 utile
1177 3030 1192 3053 ,
1213 3008 1302 3045 ant
1319 3010 1424 3045 uon

401 3074 723 3123 necessarium
743 3074 890 3123 sniaae
905 3109 922 3134 ,
941 3086 1024 3123 aut
1041 3090 1142 3123 non
1165 3086 1424 3140 tantopere

399 3150 520 3199 utile
536 3186 552 3211 ,
589 3163 675 3201 aut
706 3168 812 3201 non
841 3162 1094 3218 tantopere
1124 3155 1384 3204 honestum
1400 3190 1416 3217 ,

400 3240 485 3277 aut
506 3246 612 3279 uon
640 3241 894 3297 tantopere
927 3233 1248 3283 neceesarium
1276 3235 1422 3283 suinae

400 3306 815 3359 demuma-hiim·
830 3332 872 3358 ι.
917 3311 1068 3373 Quod
1105 3328 1218 3360 cum
1251 3323 1422 3362 nostro

399 3396 600 3437 auctore
616 3423 632 3448 ,
659 3389 705 3450 ai
727 3388 971 3438 honestius
993 3388 1208 3453 legatur,
1236 3392 1426 3454 egregio

399 3467 647 3516 convenit.
673 3468 800 3517 Nata
827 3467 962 3533 quod
999 3468 1102 3517 Cie.
1127 3468 1245 3518 utile
1271 3467 1422 3527 dicit,

398 3543 454 3593 id
469 3544 554 3593 hic
570 3546 786 3612 appellat
803 3545 1104 3596 conducibile
1115 3582 1132 3607 ‚
1149 3558 1198 3597 ct
1222 3564 1314 3613 pro
1331 3564 1392 3596 eo
1407 3584 1421 3607 ,

401 3624 542 3687 quod
585 3625 670 3675 ille
709 3628 1024 3691 quarendum
1073 3626 1194 3678 dicit
1207 3663 1224 3688 ‚
1257 3639 1420 3677 utrum

401 3704 555 3767 magia
579 3716 666 3755 aut
687 3707 850 3755 minua
869 3694 1188 3756 uecoeurium
1203 3742 1218 3767 ,
1250 3707 1334 3755 hie
1353 3710 1422 3756 ait

401 3784 558 3846 quati
573 3788 1020 3848 couvenite,utrum
1035 3787 1224 3837 facilius
1243 3803 1308 3836 au
1325 3788 1422 3836 dif-

401 3861 599 3911 ficilius.
639 3867 790 3929 Quod
823 3868 914 3917 etsi
959 3867 1131 3916 leviter
1181 3869 1419 3931 spectanti

401 3939 646 3993 ‘livaniam
684 3944 900 4005 videtur,
941 3958 1098 3995 tamen
1139 3962 1302 3995 revera
1345 3960 1421 3995 eat

397 4020 543 4071 idem.
563 4025 686 4073 Nam
711 4042 896 4074 summa
925 4029 992 4075 rei
1013 4026 1274 4075 difficultas
1293 4026 1420 4088 parit

401 4105 656 4154 conuuiae
715 4105 1062 4155 necessitatem.
1138 4103 1418 4151 Notandum

1516 2376 1633 2410 vero
1650 2372 1741 2419 eat,
1773 2370 2021 2409 auctorem
2044 2358 2107 2407 ad
2126 2356 2429 2407 Herennium
2448 2372 2541 2405 vo»-

1515 2439 1693 2487 eabulo
1730 2438 1953 2487 utilitatis
1988 2452 2185 2486 aeneum
2210 2436 2431 2485 latiorem
2450 2436 2543 2483 tri·-

1514 2519 1695 2577 buere,
1728 2528 1785 2569 ut
1808 2517 1901 2566 aub
1923 2533 1985 2565 eo
2010 2517 2270 2565 honestum
2290 2550 2306 2575 ‚
2332 2514 2473 2563 facile
2488 2524 2537 2562 et

1514 2594 1827 2646 conducibile
1846 2594 2245 2661 comprehendat.
2273 2596 2539 2642 Honestum

1511 2676 1739 2723 nimirum
1764 2685 1839 2723 eat
1852 2673 1933 2734 id,
1966 2672 2103 2739 quod
2128 2672 2249 2721 utile
2274 2682 2345 2721 eet
2366 2672 2429 2719 ad
2450 2673 2539 2719 vir·

1512 2766 1667 2803 tutem
1682 2753 1968 2803 servandam
1980 2768 1995 2812 ;
2002 2749 2165 2817 focile
2176 2751 2226 2801 id
2241 2785 2256 2810 ,
2268 2750 2405 2815 quod
2420 2749 2538 2798 utile

1512 2843 1585 2881 eat
1598 2869 1613 2893 ,
1652 2843 1708 2882 ut
1750 2830 1937 2881 viribu-
1972 2840 2199 2897 parcatur
2226 2845 2243 2891 ς
2276 2828 2535 2877 -οοηᾱαοὲ-

1512 2913 1634 2971 bile,
1662 2924 1735 2962 eat
1768 2911 2056 2978 quod,utile
2092 2922 2166 2959 eat
2207 2910 2273 2959 ad
2326 2907 2536 2973 plurima

1511 2991 1836 3041 emolumenta
1861 2990 2005 3040 nobis
2031 2988 2262 3054 paranda.
2282 2989 2495 3035 Sem.

1586 3072 1636 3121 5.
1664 3073 1901 3137 Ipsumne.
1928 3070 2125 3119 Scilicet
2158 3084 2310 3116 reum.

1584 3151 1635 3199 6,
1672 3150 1757 3197 His
1800 3148 1873 3197 ita
1898 3148 2144 3196 tractatis,
2186 3144 2359 3194 Delevi
2382 3143 2503 3191 Iocis
2513 3179 2531 3201 ‚

1510 3228 1649 3293 quod
1666 3230 1877 3293 primum
1890 3228 1941 3276 in
1955 3226 2034 3277 cd.
2054 3227 2170 3275 ΑΜ.
2182 3224 2335 3289 reperi
2351 3258 2366 3285 ,
2380 3222 2537 3271 abest·

1512 3323 1608 3372 que
1624 3306 1687 3355 ab
1714 3306 1859 3355 Mss.
1890 3308 1994 3356 Nec
2026 3304 2127 3353 loci
2160 3311 2275 3353 aunt
2299 3302 2498 3367 proprie
2521 3338 2536 3363 ,

1514 3387 1579 3435 de
1608 3386 1789 3451 quibus
1832 3396 1943 3434 aute
1974 3385 2177 3433 dictum.
2214 3384 2434 3431 Eum.
2462 3408 2537 3420 --

1512 3468 1669 3530 Quam
1698 3465 1876 3531 probat
1892 3463 2093 3514 schiiu.
2114 3475 2163 3512 et
2188 3461 2426 3527 nequitur.

1585 3563 1633 3605 7.
1690 3544 1809 3593 ,Νωι
1857 3544 2059 3593 habene
2101 3552 2409 3608 potestatem.
2452 3542 2535 3590 Sic

1510 3623 1645 3673 edidi
1670 3640 1761 3688 pro
1788 3622 2018 3672 habuerit.
2061 3624 2185 3672 Nam
2228 3622 2439 3672 lat-initas
2460 3621 2537 3668 aie

1514 3704 1729 3768 postulat
1746 3738 1761 3761 ,
1821 3702 1974 3767 idque
2031 3702 2188 3767 reperi
2238 3710 2463 3749 notatum
2508 3718 2535 3749 e

1512 3786 1603 3833 MS
1642 3783 1777 3832 Leid.
1824 3792 1873 3831 et
1922 3783 1977 3829 in
2020 3780 2103 3829 cd.
2148 3782 2281 3841 1676
2326 3778 2533 3829 mediol.

1512 3866 1645 3911 Ean.
1694 3888 1764 3899 --
1812 3864 1971 3923 Quem
2017 3855 2217 3907 Schiitz.
2262 3858 2439 3922 probat
2484 3870 2533 3905 et

1513 3943 1751 4006 sequitur.

1584 4024 1634 4069 8.
1662 4024 1752 4068 Per
1770 4018 2177 4085 conquestionem.
2202 4021 2277 4067 De
2300 4034 2392 4081 qua
2422 4020 2524 4075 111,

1514 4104 1594 4153 13.
1618 4102 1793 4148 an.
