2982 4682
730 374 853 445 DE
902 376 1512 463 INVENTIONE,
1559 382 1826 449 LIBER
1873 382 1976 466 ΙΙ,
2028 382 2140 465 40.
2363 380 2508 477 473

376 496 615 567 caelata
650 497 831 592 petit
870 520 913 567 a
948 495 1099 568 filio
1152 514 1396 571 mater.
1442 499 1572 571 Ille
1625 496 1793 584 se4,
1831 524 1994 597 quae
2047 503 2198 598 ipse
2249 502 2504 587 vellet,

376 604 643 675 debere
674 604 844 675 dicit
867 634 921 677 n.
962 609 1319 695 Primum,
1360 610 1416 679 si
1454 607 1613 689 fieri
1653 610 1956 706 poterit,
1999 608 2500 681 demonstran-

375 714 549 783 dum
582 728 726 799 est,
750 740 901 785 non
936 740 1090 787 esse
1119 716 1452 813 ambigue
1476 720 1866 843 scriptum3
1895 733 2277 840 propterea
2300 716 2502 815 quod

378 848 635 894 omnes
668 826 745 894 in
794 827 1315 897 consuetudine
1360 831 1715 899 sermonis
1757 830 1858 897 sic
1893 827 2002 897 uti
2043 814 2499 897 soleant⁵eo

374 931 599 1003 veibo
645 956 797 1003 uno
835 934 1253 1031 pluribusve
1298 939 1377 1007 in
1425 961 1580 1007 eam
1633 938 2105 1023 sententiam,
2155 937 2230 1006 in
2281 959 2500 1032 quam

375 1045 467 1123 is,
506 1043 635 1137 qui
662 1040 887 1126 dicet,
930 1044 1431 1142 accipiendum
1470 1070 1623 1117 esse
1652 1044 2193 1117 demonstrabit.
2223 1044 2502 1115 Deinde

374 1174 463 1219 ex
506 1153 881 1247 superiore
915 1166 990 1223 et
1023 1178 1111 1223 ex
1151 1152 1490 1225 inferiore
1529 1157 1878 1251 scriptura
1907 1153 2352 1241 docendum,
2389 1150 2522 1243 id,⁸

374 1258 573 1355 quod
614 1276 1009 1356 quaeratur,
1055 1262 1209 1335 fieri
1252 1267 1740 1363 perspicuum.
1785 1268 2028 1356 Quare
2077 1266 2130 1335 si
2189 1268 2340 1363 ipsa
2391 1290 2496 1335 se·

372 1371 673 1466 paratim
706 1396 794 1441 ex
826 1396 902 1443 se
938 1373 1161 1445 verba
1200 1376 1774 1461 considerentur,
1801 1366 2090 1461 omnia,
2115 1389 2237 1445 aut
2271 1373 2502 1472 plera-

374 1504 559 1575 que,
610 1481 955 1579 ambigua
997 1486 1225 1556 visum
1256 1487 1375 1572 iri3
1427 1511 1590 1583 quae
1623 1501 1862 1559 autem
1900 1512 1988 1557 ex
2026 1487 2227 1557 omni
2265 1486 2500 1555 consi-

376 1588 619 1661 derata
658 1595 1006 1691 scriptura
1059 1598 1437 1694 perspicua
1500 1594 1714 1685 fiant,
1772 1596 1922 1666 haec
1975 1596 2307 1692 ambigua
2349 1618 2500 1663 non

371 1715 711 1796 oportere
742 1703 1148 1775 existimari.
1191 1704 1506 1787 Deinde,
1530 1730 1676 1801 qua
1714 1707 1788 1773 in
1817 1706 2170 1775 sententia
2195 1705 2502 1799 scriptor

370 1808 624 1895 fuerit,
677 1836 763 1881 ex
790 1814 1043 1884 ceteris
1079 1814 1231 1909 ejus
1260 1816 1579 1912 scriptis,
1621 1814 1824 1884 factis
1845 1809 1904 1900 ⁶,
1943 1813 2184 1901 dictis,
2218 1814 2496 1898 animo,
2571 1804 2578 1813 ⁰

371 1930 589 2013 atque
622 1923 764 1989 vita
795 1920 951 2013 ejus
986 1924 1171 1991 sumi
1210 1923 1616 2019 oportebit,
1657 1938 1730 1993 et
1747 1946 1902 1993 eam
1935 1924 2162 2019 ipsam
2197 1926 2500 2021 scriptu-

371 2051 557 2113 ram,
597 2029 671 2097 in
701 2054 845 2124 qua
874 2030 1088 2102 inerit
1116 2031 1303 2135 illud
1322 2032 1779 2128 ambiguum,
1820 2032 1912 2103 de
1946 2057 2096 2128 quo
2132 2034 2504 2129 quaeritur,

368 2150 589 2207 totam
628 2138 969 2241 omnibus
1004 2150 1139 2210 ex?
1184 2140 1512 2237 partibus
1545 2156 1993 2239 pertentare,
2027 2143 2087 2212 si
2127 2141 2300 2237 quid
2321 2196 2344 2230 ,
2375 2154 2501 2211 aut

369 2244 459 2315 ad
489 2244 561 2316 id
587 2252 1003 2345 appositum
1034 2252 1161 2337 sit,
1200 2248 1400 2348 quod
1434 2275 1571 2322 nos
1609 2254 2196 2349 interpretemur,
2235 2264 2358 2319 aut
2396 2252 2496 2335 ei,

370 2354 567 2449 quod
607 2355 1051 2430 adversarius
1094 2361 1485 2458 intel-ligat,
1530 2361 1972 2432 adversetur.
2028 2365 2208 2433 Nam
2259 2357 2498 2444 facile,

368 2464 545 2559 quid
572 2470 947 2540 verisimile
978 2465 1091 2540 sit
1097 2495 1265 2543 eum
1295 2471 1643 2557 voluisse,
1674 2473 1801 2568 qui
1832 2474 2157 2594 scripsit,
2186 2494 2274 2541 ex
2297 2469 2498 2539 omni

367 2575 751 2672 scriptula,
800 2594 873 2649 et
910 2606 997 2651 ex
1043 2605 1353 2678 persona
1398 2585 1810 2678 scriptoriS,
1864 2596 2083 2678 atque
2120 2581 2204 2650 iis
2239 2577 2496 2664 rebus,

367 2709 527 2779 quae
565 2691 887 2783 personis
915 2691 1276 2762 attributae
1304 2706 1473 2762 suut
1496 2685 1552 2778 ⁸,
1588 2689 2184 2763 considerabitur.
2218 2687 2500 2758 Deinde

366 2796 500 2864 erit
535 2795 1217 2889 demonstrandum,
1266 2803 1325 2872 si
1370 2801 1544 2897 quid
1586 2825 1676 2872 ex
1718 2802 1874 2898 ipsa
1921 2823 2000 2870 re
2047 2797 2340 2870 dabitur
2391 2795 2498 2868 fa-

364 3012 613 3072 cnjusdam
633 3014 697 3062 ad
726 3015 935 3065 Herenn.
953 3019 1003 3076 1,
1032 3035 1089 3066 η
1106 3053 1121 3077 ,
1146 3019 1232 3067 ubi
1253 3019 1385 3068 idem
1474 3030 1526 3068 et
1543 3020 1615 3068 eie
1638 3020 1823 3068 habent
1846 3021 1969 3070 MSS
2002 3019 2138 3086 apud
2163 3019 2392 3070 Oudend.
2414 3020 2504 3085 qui

368 3091 642 3156 exemplum
661 3093 938 3145 adhibetur.
1473 3110 1525 3147 et
1551 3098 1744 3162 probat.
1780 3100 1894 3148 «Eo
1919 3101 2070 3148 verbo
2097 3114 2196 3147 uno
2225 3099 2330 3164 pl.»
2353 3099 2497 3147 intel-

440 3173 489 3230 4.
536 3171 631 3219 Ille
666 3187 747 3231 se,
788 3188 901 3237 qua·
938 3173 1043 3238 ipse
1081 3175 1251 3224 vellet.
1294 3177 1391 3224 MS
1470 3177 1568 3240 lige
1589 3193 1704 3242 quoe
1731 3177 1895 3234 volet,
1915 3179 2102 3226 seilicet
2125 3188 2179 3227 ut
2201 3179 2253 3226 id
2279 3178 2498 3243 capiatur

365 3249 498 3297 cm.
522 3249 651 3298 delet
674 3253 804 3317 ipse,
834 3252 958 3299 male
975 3269 989 3313 ;
1009 3254 1097 3302 sed
1120 3253 1383 3318 legendum
1474 3256 1537 3304 de
1564 3273 1648 3314 eo,
1673 3257 1750 3304 eni
1777 3257 1988 3320 legatum
2010 3258 2244 3322 seriptum
2267 3269 2367 3314 est,
2391 3273 2496 3306 non

362 3337 433 3374 est
449 3328 585 3376 velit.
602 3330 861 3394 vulgatum
892 3343 1053 3379 ortum
1078 3343 1151 3381 eet
1172 3348 1233 3381 ex
1259 3333 1385 3382 anti·
1476 3335 1538 3383 de
1563 3334 1742 3384 herede
1758 3370 1773 3394 ,
1797 3345 1881 3383 aut
1898 3346 1958 3383 ut
1985 3335 2048 3384 ad
2081 3336 2361 3399 proximum
2385 3336 2500 3384 enb-

360 3421 453 3468 qua
487 3407 725 3472 scriptura
756 3411 909 3459 velet.
940 3411 1069 3458 Infra
1096 3427 1143 3461 c.
1168 3420 1227 3469 41
1256 3411 1387 3461 recte
1475 3416 1739 3462 etantivum
1765 3413 1852 3478 (h.
1879 3415 1915 3463 l.
1943 3415 2156 3478 uxore),
2199 3431 2300 3474 non
2337 3415 2400 3462 ad
2423 3431 2500 3464 re·

360 3495 433 3532 ent
462 3484 629 3534 vellet.
668 3487 763 3534 Sed
798 3488 871 3535 ibi
908 3489 1089 3552 pendet
1124 3507 1187 3538 ex
1211 3491 1385 3550 dev-ee,
1474 3495 1656 3542 mutim
1675 3491 1882 3555 (hereo)
1908 3493 2155 3541 referatur.
2177 3496 2306 3540 Eun.

364 3577 475 3626 cap.
500 3565 585 3620 45.
600 3565 783 3612 Pariter
802 3565 852 3612 in
872 3567 997 3615 Mss
1016 3569 1387 3618 confunduntur
1545 3573 1598 3620 6.
1640 3571 1838 3637 Scriptis
1853 3605 1867 3631 ,
1892 3571 2070 3636 βατίς.
2111 3569 2370 3622 Schiitzim
2414 3570 2498 3620 dat

357 3641 547 3690 vellent
570 3653 619 3689 et
657 3644 837 3692 velint.
878 3647 1009 3696 Eur.
1035 3673 1107 3686 ·-
1124 3645 1381 3696 Schiitzius
1474 3653 1736 3716 «scriptis,
1767 3667 1828 3699 ex
1857 3651 2048 3701 factis».

360 3720 497 3769 dedit
522 3743 545 3763 α
566 3738 677 3785 quo
700 3724 805 3787 ipse
830 3722 947 3772 velit
960 3745 1003 3774 υ.
1543 3747 1594 3790 7.
1626 3729 1860 3778 Omnibus
1881 3729 2200 3793 apartibus.
2241 3727 2364 3776 lau.
2395 3747 2416 3770 υ
2433 3743 2494 3774 ex

430 3801 477 3848 5.
505 3801 585 3848 Sic
598 3801 675 3849 ειη·
690 3803 907 3860 soleant,
926 3813 1023 3852 etc.
1045 3805 1263 3854 Primum
1284 3807 1381 3854 vul-
1468 3809 1694 3858 omnibus
1719 3808 1941 3874 pertibus
1955 3831 1996 3857 a.

356 3890 519 3941 garum
543 3881 710 3928 solent
736 3883 925 3929 correxi
954 3897 1017 3930 ex
1039 3884 1145 3946 lege
1169 3885 1381 3933 latinita-
1541 3890 1591 3937 8.
1605 3884 1953 3952 Quoepersonis
1965 3883 2215 3934 attributa
2227 3895 2350 3932 sunt.
2367 3886 2494 3947 Qua·

355 3959 417 4004 tis
440 3973 455 4016 3
482 3969 533 4006 et
564 3960 635 4006 nic
660 3959 809 4007 babet
832 3961 922 4008 MS
950 3961 1089 4010 Leid.
1120 3977 1163 4012 r.
1186 3963 1379 4012 Deinde
1408 4027 1413 4032 ⁸
1466 3967 1766 4014 enumeravit
1811 3980 1956 4028 supra
1993 3979 2007 4012 t
2048 3973 2207 4012 cetera
2251 3963 2494 4011 testatoris

355 4037 469 4084 dedi
494 4059 516 4082 ι
538 4039 587 4086 in
622 4054 729 4086 eam
756 4041 1069 4100 sententiam,
1098 4042 1297 4105 inquom
1318 4063 1344 4086 n
1361 4077 1377 4101 ,
1468 4043 1648 4108 scripta
1666 4077 1681 4102 ,
1716 4043 1868 4104 faeti,
1907 4043 2037 4091 dicta
2054 4078 2067 4102 ,
2106 4042 2320 4089 animum
2347 4050 2494 4104 atque

354 4132 447 4180 pro
466 4115 707 4168 ablativis.
721 4118 847 4214 Fam
874 4120 945 4169 sie
970 4119 1129 4170 Latini
1156 4137 1375 4186 temper,
1472 4122 1639 4170 vitam.
1659 4123 1836 4169 Wuz.
