2982 4682
569 363 697 410 vm
1200 345 1558 414 ALTERA
1607 347 2084 416 PRAEFATIO

568 489 851 546 tantum
882 480 959 547 in
992 463 1551 550 inveniendis'et
1579 479 2000 552 ordinandis
2033 483 2406 579 praeceptis
2437 505 2697 578 sequu÷

572 609 691 668 tus
731 611 837 668 est
857 650 878 683 ,
924 598 1049 669 sed
1111 601 1326 671 etiam
1381 600 1471 672 ad
1523 599 1827 674 verbum
1885 603 2270 701 saepissime
2328 607 2696 702 expressit.

568 719 873 792 Credam
912 725 1331 819 magistrum
1368 724 1720 822 aliquem,
1749 740 1834 796 ut
1867 726 2356 818 Quintilianus
2397 728 2699 797 innuere

571 841 852 914 videtur
886 847 1054 942 (111,
1091 845 1172 932 6,
1216 844 1373 943 57),
1414 849 1552 920 nisi
1583 849 1975 922 rectissime
2017 863 2308 921 moneat
2350 855 2411 921 J.
2443 853 2532 919 V.
2578 854 2700 921 Le·

570 965 782 1052 clem,
824 993 973 1040 non
1012 995 1180 1042 eum
1215 970 1582 1044 rhetorem
1625 995 1812 1058 esse,
1847 971 1974 1068 qui
2021 969 2190 1042 libri
2235 973 2448 1068 primi
2491 973 2702 1042 initio

574 1089 975 1187 scripserit,
1041 1115 1120 1163 se
1179 1094 1486 1189 negotiis
1555 1091 2022 1164 familiaribus
2091 1094 2520 1191 impeditum
2582 1097 2700 1163 vix

570 1213 741 1282 satis
799 1215 927 1283 otii
994 1213 1236 1284 studio
1293 1215 1760 1314 suppeditare
1831 1239 2080 1314 posse,
2163 1229 2236 1286 et
2319 1213 2389 1285 id
2473 1217 2704 1313 ipsum

572 1335 771 1430 quod
812 1335 1076 1408 habeat
1116 1339 1246 1407 otii
1283 1337 1630 1410 libentius
1663 1340 1737 1410 in
1782 1337 2244 1436 philosophia
2283 1361 2707 1408 consumere

576 1457 891 1528 solitum.
921 1465 1008 1530 Et
1036 1460 1291 1532 eodem
1322 1464 1556 1558 capite
1585 1485 1874 1533 rursus:
1912 1491 1944 1526 α
1969 1485 2119 1532 non
2143 1464 2336 1531 enim
2365 1483 2490 1557 spe
2523 1485 2712 1556 quae-

575 1593 760 1668 stus,
798 1598 923 1652 aut
964 1583 1189 1680 gloria
1238 1587 1627 1673 commoti,
1677 1585 2004 1654 venimus
2040 1583 2131 1654 ad
2167 1581 2626 1654 scribendum
2656 1611 2706 1650 ιι.

575 1707 818 1776 Restat
876 1708 1131 1803 igitur,
1184 1723 1264 1778 ut
1302 1709 1644 1804 juvenem
1696 1707 2046 1804 aliquem,
2096 1706 2445 1804 aequalem
2489 1730 2702 1777 suum

535 1806 545 1818 ⁸
578 1825 779 1922 (nam
796 1831 1152 1926 permulta
1178 1845 1348 1902 sunt
1374 1855 1536 1927 quae
1553 1831 1892 1925 juvenem
1925 1830 2000 1900 in
2025 1828 2168 1899 hoc
2195 1827 2381 1898 libro
2407 1827 2711 1896 omnino

578 1949 982 2046 redolent),
1026 1953 1302 2026 Tullius
1349 1957 1425 2026 in
1466 1952 1869 2026 Rhetoricis
1915 1967 2268 2049 sequutus
2311 1952 2436 2036 sit,
2475 1952 2587 2020 vir
2621 1949 2713 2020 ‹le

582 2098 718 2144 suo
759 2089 907 2146 tam
951 2075 1187 2164 dives»,
1213 2102 1431 2176 quern
1474 2094 1550 2149 et
1595 2077 1740 2173 jam
1803 2101 2109 2175 puerum
2163 2078 2350 2147 inter
2407 2074 2715 2172 aequales

580 2195 763 2270 adeo
826 2202 1212 2272 eminuisse
1272 2199 1566 2272 tradidit
1621 2200 2088 2288 Plutarchus;
2130 2199 2333 2296 quod
2387 2215 2470 2270 ut
2512 2198 2714 2297 equi·

586 2318 751 2393 dem
794 2323 1113 2412 credam,
1155 2322 1352 2429 haud
1412 2322 1617 2396 facile
1671 2323 2017 2409 adducam
2073 2339 2146 2396 et
2195 2348 2280 2397 ea
2319 2348 2431 2395 res
2467 2321 2721 2395 Schiit-

588 2446 775 2517 zium
829 2450 1093 2531 movit,
1152 2464 1231 2518 ut
1282 2445 1756 2519 Cornificium
1799 2447 2155 2542 rejiceret,
2211 2470 2364 2518 non
2405 2445 2718 2519 admisso

584 2583 827 2639 tamen
870 2574 1237 2643 Cicerone.

682 2694 851 2763 Duo
894 2698 1091 2765 enim
1144 2710 1316 2767 sunt
1361 2708 1784 2792 argumenta
1828 2718 1986 2792 quae
2021 2694 2191 2765 huic
2233 2692 2526 2777 obstent
2559 2698 2718 2792 opi-

585 2816 812 2888 nioni.
852 2821 939 2887 Et
984 2817 1219 2915 primo
1261 2818 1521 2890 Fabius
1565 2842 1820 2889 omnes
1858 2818 2226 2889 Ciceronis
2259 2816 2372 2887 vel
2411 2816 2717 2887 rhetori-

591 2966 748 3026 σος,
784 2941 893 3012 vel
932 2944 1283 3013 oratorios
1327 2940 1584 3028 libros,
1624 2940 1736 3011 his
1780 2954 2062 3010 tantum
2105 2941 2450 3037 exceptis,
2495 2940 2720 3011 advo·
2825 3019 2830 3027 ¹

586 3064 791 3135 cavit.
828 3064 1174 3162 Exempla
1211 3078 1494 3135 tantum
1535 3086 1700 3159 quae
1729 3064 1807 3131 in
1851 3064 1954 3132 eis
1991 3077 2421 3148 occurrunt,
2445 3059 2720 3160 publici

596 3185 895 3259 fortasse
928 3190 1107 3284 juris
1148 3184 1369 3274 faeta,
1408 3184 1668 3273 habet,
1706 3188 1848 3269 IX,
1890 3206 2042 3280 cap.
2086 3182 2170 3270 3,
2219 3182 2332 3272 31,
2363 3208 2422 3255 c.
2459 3184 2538 3269 6,
2590 3210 2719 3280 70,

590 3336 709 3409 91.
780 3309 916 3381 Sed
998 3310 1299 3407 intelligi
1372 3322 1616 3407 potest
1687 3330 1850 3375 eum
1923 3329 1964 3374 e
2039 3303 2328 3375 duobus
2397 3304 2716 3401 ejusdem

590 3438 830 3530 operis
884 3432 1367 3515 editionibus,
1432 3444 1558 3501 aut
1611 3428 2086 3527 posteriorem
2144 3427 2719 3525 amplioremque

588 3575 873 3630 tantum
918 3562 1235 3643 novisse,
1286 3568 1411 3625 aut
1462 3556 1774 3651 priorem
1827 3550 1960 3621 etsi
2013 3564 2256 3620 notam
2299 3548 2714 3645 neglexisse.

587 3683 773 3774 (Vid.
806 3681 1107 3772 Quintil.
1145 3678 1235 3749 de
1272 3677 1483 3747 Rhet.
1525 3676 1670 3746 Cic.
1709 3678 1812 3759 ΙΙ,
1837 3697 1988 3769 cap.
2023 3677 2141 3757 ι4,
2183 3676 2264 3757 4,
2301 3696 2450 3769 cap.
2483 3672 2602 3757 15,
2635 3674 2718 3761 63

581 3812 723 3895 ΙΙΙ,
756 3830 905 3905 cap.
941 3831 1003 3891 1,
1034 3830 1161 3890 πο,
1200 3826 1353 3899 cap.
1392 3800 1458 3888 5,
1499 3803 1612 3887 ι4,
1647 3822 1802 3895 cap.
1832 3794 1918 3880 6,
1957 3792 2064 3881 15,
2093 3796 2226 3890 49,
2253 3791 2370 3890 57,
2405 3794 2522 3882 63,
2551 3798 2716 3893 etc.)

586 3931 863 4004 Deinde
914 3928 1135 3999 multa
1184 3954 1223 3997 a
1266 3924 1714 4017 Quintiliano
1771 3946 1856 3990 ex
1903 3916 2290 3990 Cornificio
2329 3922 2600 4018 prolata
2641 3928 2716 3994 in

588 4056 789 4135 libris
840 4054 928 4131 ad
984 4051 1427 4123 Herennium
1480 4057 1914 4131 occurrunt,
1955 4066 2020 4119 V,
2053 4068 2115 4114 c.
2148 4046 2232 4129 V,
2278 4070 2433 4143 cap.
2467 4071 2585 4130 10„
2633 4044 2719 4127 3;
