2982 4682
689 366 813 434 DE
860 364 1469 448 INVENTIONE‚
1519 364 1784 463 LIBER
1834 365 1900 432 11
1921 414 1941 449 ,
1995 358 2108 433 35.
2323 363 2462 451 465

328 486 539 563 εἱΙίο6
578 510 765 585 saepe
800 488 1003 558 omni
1040 488 1117 557 in
1154 508 1417 583 genere
1454 482 1826 555 tractanda
1845 493 1902 570 7,
1945 484 2128 555 in·id
2167 510 2468 584 quoque

332 612 691 699 praecepta
730 618 1112 694 ponemus».
1162 624 1197 661 α
1227 598 1409 665 Nam
1454 595 1530 663 in
1575 607 1828 663 senatu
1844 586 1900 677 ⁸,
1941 594 2124 662 etin
2161 596 2466 667 consilio

330 708 423 781 de
466 706 791 804 Syphace
838 704 964 777 diu
1004 704 1481 777 deliberatum
1521 719 1680 790 est3-
1704 717 1778 773 et
1814 702 1904 772 de
1937 706 2024 791 Q.
2063 706 2470 777 Numitorio

330 817 537 889 Pullo
564 815 761 913 apud
788 818 868 886 L.
908 814 1321 912 Opimium
1360 829 1433 885 et
1457 814 1617 907 ejus
1643 812 2019 883 consilium
2051 811 2172 884 diu
2198 814 2472 886 dictum

338 939 469 997 est.
509 930 603 997 Et
640 928 867 1020 magis
908 925 982 993 in
1036 922 1178 994 hoc
1221 922 1518 1020 quidem
1571 921 2029 1018 ignoscendi,
2085 946 2305 1018 quam
2353 948 2473 993 co-

344 1034 740 1133 gnoscendi
772 1033 1163 1131 postulatio
1192 1030 1435 1102 valuit.
1478 1035 1657 1103 Nam
1691 1054 1977 1127 semper
2004 1033 2246 1102 animo
2275 1030 2475 1103 bono

344 1147 527 1217 sein
555 1144 909 1243 populum
938 1166 1319 1215 romanum
1357 1140 1576 1213 fuisse
1603 1165 1754 1211 non
1791 1154 1938 1211 tam
1973 1139 2179 1212 facile
2211 1139 2476 1238 proba·

336 1251 497 1339 bat,
532 1277 761 1350 quum
792 1251 1263 1347 conjecturali
1305 1252 1825 1322 constitutione
1865 1264 2217 1339 uteretur,
2251 1274 2472 1348 quam

342 1379 467 1447 ut,
514 1379 813 1462 propter
848 1366 1205 1461 posterius
1247 1359 1716 1449 beneficium,
1767 1360 1904 1431 sibi
1954 1360 2480 1457 ignosceretur,

348 1498 585 1570 quum
626 1474 1149 1571 deprecationis
1186 1486 1425 1569 partes
1452 1467 1876 1566 adjungeret
1893 1498 1946 1538 w.

437 1587 725 1655 XXXV.
776 1583 1046 1681 (xxxv.)
1088 1580 1481 1679 Oportebit
1521 1580 1734 1675 igitur
1764 1603 1966 1665 eum,
2015 1580 2174 1674 qui,
2213 1579 2350 1650 sibi
2383 1594 2468 1651 ut

342 1694 789 1790 ignoscatur,
854 1693 1249 1790 postulabit
1276 1746 1297 1778 ‚
1359 1712 1963 1771 commemorare,
2019 1689 2078 1756 si
2136 1712 2284 1785 qua
2341 1714 2470 1760 sua

344 1805 612 1901 poterit
648 1800 997 1874 beneficia
1018 1856 1038 1889 ,
1076 1817 1149 1873 et
1182 1802 1240 1871 si
1274 1800 1544 1897 poterit
1563 1834 1596 1885 ‚·
1625 1796 2040 1882 ostendere,
2087 1820 2172 1867 ea
2203 1798 2475 1893 majora

265 1930 293 1951 ⁶
342 1936 535 1999 esse,
572 1936 787 2010 quam
827 1912 1011 1995 haec,
1052 1936 1215 2008 quae
1258 1908 1682 2005 deliquerit,
1724 1922 1806 1977 ut
1841 1905 2006 2003 plus
2041 1903 2134 1975 ab
2170 1930 2258 1977 eo
2295 1906 2474 1978 boni

342 2046 560 2119 quam
594 2021 761 2091 mali
792 2019 1199 2118 profectum
1240 2042 1397 2089 esse
1429 2016 1804 2103 videatur3
1839 2012 2102 2085 deinde
2127 2016 2481 2110 majorum

344 2154 641 2221 suorum
678 2129 1062 2217 beneficia,
1090 2130 1149 2199 si
1174 2151 1321 2225 qua
1348 2124 1774 2210 exstabunt,
1813 2121 2174 2220 proferre3
2213 2122 2476 2195 deinde

347 2241 754 2325 ostendere,
783 2264 937 2313 non
986 2238 1193 2327 odio,
1224 2260 1465 2334 neque
1509 2231 1928 2304 crudelitate
1955 2230 2241 2321 fecisse,
2277 2232 2476 2330 quod

417 2419 466 2466 6.
512 2419 615 2466 Aue
650 2417 699 2465 in
737 2415 958 2466 consilio.
1006 2418 1193 2467 Addidi
1236 2417 1285 2464 in
1335 2433 1363 2466 e
1451 2424 1504 2471 in
1543 2421 1810 2470 custodiam
1838 2420 2013 2469 Albam
2035 2418 2328 2469 mittendum
2359 2437 2476 2468 cen-

346 2501 469 2548 MSS
503 2508 554 2546 et
590 2498 945 2563 cousuetudine
966 2497 1217 2546 Ciceronis
1256 2512 1365 2562 per·
1452 2513 1672 2550 suerunt.
1696 2504 1815 2549 Sca.

346 2587 497 2643 petus
526 2578 581 2624 iu
614 2577 691 2624 his
724 2578 864 2626 libris
880 2612 897 2638 ‚
922 2578 1063 2639 cujus
1094 2573 1259 2626 statim
1289 2591 1363 2624 se·
1525 2597 1574 2645 9.
1605 2583 1664 2630 t..
1683 2577 1949 2641 Opimium.
1979 2579 2094 2627 sch.
2123 2578 2259 2626 addit
2289 2590 2474 2642 proeto-

347 2657 519 2721 quitur
542 2655 674 2703 sliud
698 2657 993 2722 exemplum.
1022 2658 1153 2706 Eius.

422 2751 469 2796 7.
500 2735 649 2783 Omni
672 2735 721 2783 ἰπ
737 2751 917 2800 genere
939 2734 1226 2784 tractanda.
1250 2733 1363 2782 Sch.

349 2811 594 2861 «omniuo
632 2814 941 2864 tractandum
961 2835 1003 2862 n.
1038 2818 1141 2872 lta,
1176 2813 1363 2876 inquit,

351 2892 544 2939 correxi
590 2891 838 2954 vulgatum
875 2915 899 2936 «ι
920 2891 1055 2952 omui
1096 2893 1151 2940 in
1192 2907 1365 2958 genere

351 2968 597 3018 tractand-
615 2990 659 3016 υ.
710 2971 837 3018 Nam
876 2972 1093 3034 ineptum
1132 2981 1253 3018 esset
1293 2971 1363 3018 sie

350 3049 489 3112 loqui
511 3063 523 3097 :
554 3067 577 3091 ι
596 3063 711 3112 pars
728 3049 862 3096 omni
888 3050 939 3096 iu
959 3065 1131 3113 genere
1154 3059 1363 3097 tractan-

352 3126 413 3176 da
432 3137 503 3175 est
521 3147 564 3173 »-
589 3147 615 3166 ι
636 3126 805 3174 Genus
830 3126 927 3174 hoc
942 3161 957 3186 ‚
986 3127 1145 3189 inquit
1165 3127 1337 3174 Cicero
1352 3159 1367 3184 ,

348 3205 403 3254 in
422 3205 621 3266 judiciis
640 3219 741 3252 non
762 3215 978 3254 versatur
993 3240 1008 3263 ,
1034 3205 1129 3252 nisi
1159 3204 1367 3268 quadem

352 3300 415 3332 ex
433 3296 567 3348 perte
582 3320 597 3346 ,
625 3283 677 3331 in
700 3296 867 3333 senatu
891 3295 1052 3332 autem
1072 3294 1159 3331 aut
1180 3284 1231 3331 in
1249 3298 1368 3331 eon-

352 3363 465 3410 silio
506 3379 635 3428 saepe
674 3365 875 3412 omnino
890 3387 935 3422 n,
980 3379 1019 3412 s.
1056 3371 1247 3410 «totum
1275 3372 1369 3410 trs-

356 3441 583 3489 etandnm
611 3453 684 3490 est
702 3465 745 3492 n.
772 3444 888 3490 Sca.

428 3521 477 3568 8.
492 3520 549 3565 In
564 3532 759 3582 senatu,
780 3533 829 3569 ec
847 3521 897 3568 in
916 3537 1052 3570 com.
1072 3521 1136 3568 de
1154 3517 1371 3582 Syphace

356 3597 409 3645 d.
438 3597 533 3645 del.
562 3609 649 3647 est.
677 3601 889 3648 Primum
926 3599 977 3648 in
1000 3600 1203 3646 consilio
1239 3597 1371 3662 apud

358 3677 635 3740 Scipionem
676 3679 1019 3743 imperatorem
1038 3713 1053 3738 ,
1102 3694 1253 3742 quum
1318 3677 1373 3726 in

358 3757 462 3816 eius
503 3767 655 3804 castra
699 3759 924 3822 captivus
962 3757 1205 3806 adductus
1254 3766 1378 3804 esset

360 3833 594 3900 Syphax,
626 3836 731 3884 Liv.
772 3839 957 3897 XXX,
990 3837 1051 3884 13
1077 3833 1227 3900 (aun.
1256 3835 1377 3884 urb.

1455 2675 1579 2709 rem.
1626 2657 1839 2714 Addidi,
1893 2659 2080 2721 inquit,
2118 2657 2479 2722 perspicuitatis

1453 2753 1623 2794 ceusu
1645 2749 1692 2784 et
1713 2739 1783 2784 sic
1800 2737 1899 2797 jam
1924 2737 2078 2784 visum
2099 2746 2173 2784 est
2191 2737 2350 2784 amico
2369 2737 2476 2784 cui-

1452 2815 1563 2863 dam
1589 2813 1746 2862 Fulvii
1766 2815 1948 2864 Ursini.
1980 2815 2224 2862 Nimirum
2245 2817 2474 2864 Numito-

1451 2895 1552 2942 rius
1584 2892 1754 2941 Pullus
1779 2892 2086 2955 Fregellanus
2119 2903 2258 2941 antes
2292 2893 2343 2941 in
2375 2895 2477 2942 Ro-

1450 2987 1622 3020 manos
1644 2971 1807 3018 animo
1843 2969 2050 3018 adverso
2076 2971 2262 3032 suerat,
2303 2983 2473 3035 postes

1449 3062 1613 3098 sutem
1648 3049 1854 3114 patriam
1892 3048 2062 3097 urbem
2095 3049 2332 3113 Fregellas
2369 3053 2474 3100 no-

1456 3130 1612 3176 nnanis
1625 3127 1864 3192 prodidit.
1881 3131 1930 3176 Is
1949 3129 2098 3192 igitur
2110 3145 2260 3193 quum
2279 3147 2477 3180 causam

1454 3207 1589 3272 apud
1621 3210 1676 3254 1..
1709 3207 1958 3272 Opimium
1987 3219 2242 3272 praetorem
2265 3210 2447 3259 diceret
2464 3246 2479 3270 ,

1456 3287 1546 3351 qui
1557 3285 1794 3350 Fregellas
1811 3287 1864 3332 in
1879 3285 2174 3335 deditionem
2194 3301 2442 3353 seeeperst
2464 3326 2479 3349 ‚

1456 3365 1800 3430 deprecatione
1835 3367 2012 3428 magis,
2031 3382 2176 3429 quam
2200 3367 2478 3416 defensione

1457 3461 1573 3492 usus
1603 3454 1694 3492 est.
1725 3443 1838 3492 Sca.
1875 3443 2078 3490 -Vid.
2115 3449 2230 3493 Her.
2263 3449 2354 3505 IV,
2397 3464 2475 3510 ¹9·

1456 3525 1616 3574 Cicer.
1646 3523 1706 3570 de
1733 3523 1839 3570 Fin.
1858 3522 1922 3582 V,
1943 3537 2008 3570 αἱ
2034 3538 2048 3572 t
2073 3545 2098 3564 «ι
2117 3524 2256 3586 Quis,
2285 3525 2448 3589 inquit
2470 3565 2486 3590 ‚

1456 3601 1789 3652 Numitorium
1799 3637 1813 3658 ,
1825 3601 2143 3663 Fregellanum
2157 3603 2480 3666 proditorem,

1461 3696 1751 3745 quamquam
1771 3679 2056 3742 reipublic-ze
2075 3691 2254 3728 nostrae
2275 3683 2478 3744 profuit,

1462 3774 1563 3806 nou
1586 3759 1691 3806 odit
1707 3760 1766 3806 Ρ»
1788 3759 1990 3824 Veniam
2007 3769 2168 3806 sutem
2186 3759 2302 3806 huie
2322 3759 2482 3810 datam

1465 3853 1568 3886 esse
1598 3837 1669 3884 vel
1699 3838 1813 3885 inde
1831 3839 2145 3899 cognoscitur
2167 3837 2304 3900 qnod
2341 3838 2486 3901 hujus

364 3915 483 3976 551)
497 3947 513 3972 ,
534 3913 618 3960 ubi
644 3930 843 3978 quoque
865 3917 969 3978 ejus
987 3915 1265 3979 deprecatio
1286 3929 1381 3962 me·
1465 3915 1616 3964 filiam
1639 3931 1846 3964 uxorem
1875 3915 2070 3963 duxerit
2098 3917 2304 3964 Antonii
2323 3919 2492 3968 trium·

360 4004 577 4040 moratur
624 4007 637 4041 :
685 3993 862 4042 deinde
900 3996 955 4044 in
1006 4005 1208 4053 senatu,
1260 3991 1379 4043 ibid.

362 4087 477 4136 cap.
502 4087 583 4132 ις,
598 4071 685 4119 ubi
703 4073 915 4122 consuiti
934 4085 1093 4138 patres
1110 4073 1381 4139 Syphacem

516 4159 569 4226 Ῑ.
608 4173 705 4221 cic.
718 4173 1014 4241 pat-spritu.

1470 3996 1561 4042 viri
1603 4007 1775 4058 pstor,
1814 3994 2062 4044 Antonius
2088 3994 2326 4045 Creticus.
2363 3999 2487 4047 Phil.

1470 4075 1574 4133 111,
1613 4075 1667 4120 6.
1690 4075 1867 4122 an.

2164 4157 2254 4229 30
