2982 4682
1109 352 1441 419 TOPICA
1460 405 1481 438 ,
1546 350 1648 421 13.
2298 350 2428 437 541

310 479 617 581 pecunia
658 486 1031 570 argentum
1062 499 1077 541 :
1112 487 1219 543 est
1268 486 1510 543 autem
1553 484 1928 542 numerata
1979 475 2286 569 pecunia
2329 498 2442 542 ar-

310 602 609 688 gentum
655 611 673 653 ε
722 584 949 679 legata
998 582 1217 679 igitur
1270 597 1458 669 est»;
1502 606 1594 651 an
1641 580 1766 651 illo
1805 578 2026 651 modo
2065 608 2082 650 ε
2117 586 2338 653 «Non
2374 598 2450 655 et

316 700 624 795 legatum
690 707 1065 790 argentum
1114 707 1264 780 est,
1311 705 1382 762 et
1431 718 1586 761 non
1637 705 1744 761 est
1800 690 2022 787 legata
2075 711 2449 765 numerata

311 809 619 908 pecunia
656 833 673 875 :
720 804 1035 901 legatum
1070 815 1310 873 autem
1348 814 1724 899 argentum
1769 816 1876 871 est
1914 828 1930 870 z
1965 802 2192 897 legata
2231 806 2450 900 igitur

314 930 687 989 numerata
732 914 1038 1012 pecunia
1076 926 1183 983 est
1199 940 1250 981 ιο.

411 1026 799 1125 Appellant
835 1035 1074 1093 autern
1108 1020 1457 1093 dialectici
1490 1046 1648 1092 eam
1677 1021 2217 1092 conclusionem
2248 1046 2450 1119 argu-

316 1140 579 1219 menti',
622 1138 699 1206 in
736 1156 880 1231 qua
908 1186 927 1221 ,
976 1154 1203 1229 quum
1254 1132 1570 1229 primum
1614 1134 2148 1228 assumpseris1,
2202 1154 2454 1203 conse·

249 1254 259 1261 ‘
318 1251 567 1344 quitur
613 1244 720 1331 id,
760 1243 961 1341 quod
998 1266 1361 1315 annexum
1418 1256 1562 1327 est,
1604 1242 1918 1339 primum
1969 1240 2454 1313 conclusionis

316 1355 657 1443 modum3
692 1377 921 1451 quum
959 1351 1067 1439 id,
1097 1350 1295 1449 quod
1330 1375 1692 1421 annexum
1725 1364 1830 1422 est
1849 1362 1903 1439 ²,
1935 1354 2210 1448 negaris
2232 1408 2252 1441 ‚
2273 1368 2356 1423 ut
2379 1352 2454 1425 id

318 1466 789 1562 quoque,cui
817 1461 1031 1533 suerit
1060 1485 1457 1547 annexum,
1488 1458 1894 1556 negandum
1935 1462 2058 1547 sit,
2094 1462 2454 1532 secundus

318 1576 718 1674 appellatur
758 1570 1241 1645 concludendi
1280 1570 1576 1658 modus3
1622 1596 1850 1667 quum
1884 1585 2124 1641 autem
2147 1566 2176 1617 3
2216 1572 2454 1670 aliqua

320 1685 705 1781 conjuncta
760 1684 1041 1780 negaris
1090 1682 1206 1782 [et
1248 1682 1363 1753 his
1406 1682 1542 1751 alia
1590 1682 1876 1775 negatio
1911 1706 2162 1752 rursus
2205 1682 2456 1777 adjun-

321 1793 633 1892 gitur⁴],
666 1808 738 1865 et
778 1819 867 1865 ex
901 1793 1011 1865 his
1046 1798 1358 1892 primum
1402 1793 1826 1888 sumpseriS,
1857 1805 1968 1880 ut,
2007 1791 2206 1888 quod
2246 1794 2457 1865 relin-

322 1906 594 2003 quitur,
622 1904 1023 1974 tollendum
1048 1905 1137 1975 sit
1154 1908 1259 1991 ,is
1284 1905 1536 1973 tertius
1553 1900 1956 1998 appellatur
1973 1904 2454 1976 conclusionis

322 2012 600 2085 modus.
672 2019 777 2084 Ex
858 2013 1001 2083 hoc
1072 2014 1211 2084 illa.
1262 2012 1636 2083 rhetorum
1699 2024 1870 2081 sunt
1937 2035 2021 2080 ex
2073 2016 2452 2085 contrariis

324 2124 697 2212 conclusa,
774 2146 935 2222 quae
1002 2123 1139 2220 ipsi
1194 2108 1774 2217 enthymemata⁵
1834 2118 2254 2217 appellant:
2303 2148 2454 2194 non

396 2288 537 2335 1111.
556 2302 601 2334 1.
621 2288 775 2350 Quum
794 2285 1003 2350 primum
1016 2284 1345 2349 assumpseris.
1433 2299 1664 2331 revocare
1704 2295 1718 2330 ε
1751 2280 1850 2344 Qui
1889 2280 1970 2341 ius
2006 2298 2146 2329 suum
2181 2284 2448 2349 unicuique

326 2363 580 2414 Schiitzius
614 2363 865 2429 sumpseris
896 2381 1008 2413 curn
1035 2363 1114 2411 ed.
1148 2363 1345 2411 Omnib.
1432 2363 1618 2420 reddit,
1638 2364 1796 2424 justus
1817 2372 1888 2410 est
1915 2378 1928 2410 :
1960 2363 2093 2425 atqui
2121 2362 2202 2410 hic
2216 2364 2296 2423 jus
2313 2379 2454 2412 suum

326 2471 397 2482 ——
414 2445 609 2508 Septem
628 2445 1023 2510 syllogismorum
1058 2442 1345 2506 hypotheti-

328 2541 495 2572 corum
511 2558 525 2582 ,
542 2541 626 2572 seu
641 2524 1067 2580 conditionalium,
1086 2533 1141 2570 ut
1152 2534 1349 2577 vocant,

328 2603 503 2652 modos
522 2604 601 2650 hic
615 2602 813 2664 subjicit
833 2601 1040 2649 Tullius.
1065 2603 1139 2648 Ac
1164 2600 1347 2666 primus

328 2681 528 2746 quidem
552 2683 595 2729 is
614 2693 703 2740 est,
729 2699 831 2745 quo
856 2697 1005 2746 quum
1032 2680 1346 2744 assumpseris

326 2761 381 2809 id
410 2761 547 2825 quod
573 2763 780 2825 primum
810 2773 912 2820 est,
940 2772 1071 2808 reete
1095 2757 1350 2808 concludis

328 2841 465 2904 quod
484 2840 802 2900 conjunctum
816 2850 887 2886 est
908 2856 921 2888 :
942 2838 1078 2885 verbi
1093 2837 1241 2901 gratia
1264 2853 1275 2881 =
1301 2837 1351 2883 Si

326 2919 485 2979 justus
497 2930 600 2977 est,
614 2920 695 2978 jus
720 2935 859 2966 suum
876 2919 1138 2980 unicuique
1152 2916 1311 2964 reddit
1334 2931 1346 2963 :

331 2997 469 3061 atqui
490 2999 649 3059 justus
677 3006 783 3044 est:
812 3011 927 3058 ergo
952 2997 1033 3056 jus
1068 3011 1209 3042 suum
1244 2995 1351 3042 uni·

332 3076 509 3140 cuique
534 3075 711 3123 reddit.
741 3077 930 3122 Paos-r.

404 3170 455 3201 α.
484 3155 645 3217 Quum
679 3153 756 3209 e'd,
804 3152 943 3216 quod
970 3167 1225 3199 annexum
1263 3163 1349 3200 ese.

337 3233 478 3282 Alter
505 3232 777 3296 syllogismi
806 3231 981 3279 modus
1010 3232 1163 3296 priori
1196 3247 1355 3296 oppo-

334 3314 455 3359 situs
473 3345 487 3370 ‚
515 3325 617 3375 qno
641 3327 791 3375 quum
814 3321 1045 3376 negatum
1068 3309 1191 3358 illud
1208 3311 1357 3357 fuerit

336 3391 471 3456 quod
506 3393 827 3452 conjunctum
851 3403 954 3450 est,
972 3390 1023 3437 id
1047 3405 1244 3454 quoque
1276 3389 1359 3437 cui

334 3471 482 3518 fuerit
536 3473 851 3532 conjunctum
901 3469 1065 3532 negari
1114 3479 1311 3531 oportet
1340 3481 1355 3516 τ

334 3563 420 3610 ut,
447 3553 490 3599 si
505 3552 586 3612 jus
605 3551 868 3614 unicuique
892 3565 1031 3597 suum
1053 3565 1153 3596 non
1176 3549 1355 3606 reddit,

330 3632 493 3692 justus
527 3645 629 3677 non
656 3641 761 3677 est:
788 3639 935 3692 atque
966 3629 1047 3689 jus
1080 3643 1221 3674 suum
1248 3627 1356 3675 uni-

340 3709 521 3773 cuique
547 3723 647 3756 non
686 3709 845 3755 reddit
880 3722 895 3756 τ
922 3723 1039 3772 ergo
1064 3708 1225 3768 justus
1254 3721 1359 3755 non

338 3799 411 3836 est
433 3805 447 3837 :
478 3787 835 3851 improbabitur
858 3803 885 3833 u
914 3785 1236 3834 severioribus
1255 3786 1356 3832 dia-

337 3866 523 3915 lecticis
564 3867 646 3913 hic
694 3865 1063 3930 argumentandi
1118 3864 1296 3911 modus
1344 3877 1359 3912 τ

338 3935 647 3994 contendunt
690 3945 817 3992 enim
848 3961 909 3992 ex
946 3943 1362 4009 propositionibus

341 4023 633 4090 negantibus
666 4023 785 4073 nibil
810 4040 953 4088 posse
974 4024 1163 4086 colligi.
1188 4024 1257 4070 At
1291 4021 1359 4069 fa-

344 4101 437 4150 eile
474 4103 619 4151 fuerit
658 4102 721 4150 ad
759 4103 1016 4167 legitimam
1052 4103 1259 4152 fot-inum
1293 4099 1364 4149 sic

1434 2444 1696 2506 unicuique
1722 2458 1826 2490 non
1849 2441 2010 2490 reddit
2025 2459 2038 2500 3
2055 2458 2170 2506 ergo
2194 2443 2274 2492 hio
2293 2444 2458 2503 iustus

1428 2538 1542 2570 ‚non
1564 2533 1656 2570 est.
1693 2523 1874 2570 Psusr.

1511 2601 1557 2650 3.
1603 2603 1763 2666 Quum
1808 2612 1987 2648 aretem.
2023 2601 2217 2647 Tertius
2265 2613 2339 2649 est
2376 2601 2456 2649 hic

1436 2679 1806 2744 argumentandi
1823 2679 2015 2739 modos,
2033 2693 2155 2742 quo,
2173 2689 2228 2726 ut
2245 2678 2461 2745 explicat

1434 2760 1704 2816 Victorius,
1715 2757 2028 2822 pronuntiato
2039 2773 2266 2805 connexo
2277 2759 2462 2824 duplex

1436 2838 1630 2901 negatio
1657 2835 1870 2895 additur,
1889 2852 2090 2899 quarum
2111 2851 2206 2888 una
2229 2839 2319 2885 toti
2339 2856 2454 2903 pro-

1436 2917 1706 2981 positioni,
1727 2915 1874 2963 altera
1905 2915 2162 2978 posteriori
2195 2917 2318 2979 parti
2338 2933 2462 2981 pre-

1438 2994 1605 3059 figitur
1641 3009 1654 3043 :
1695 3005 1799 3042 tum
1857 2995 1908 3041 in
1949 2997 2277 3058 assumptione
2321 2999 2460 3061 prior

1442 3090 1550 3139 pars
1571 3071 1850 3130 affirmatur,
1881 3082 1934 3119 ut
1959 3075 2008 3120 in
2037 3074 2352 3124 conclusione
2372 3095 2459 3125 ne·

1441 3164 1582 3216 gutur
1610 3154 1887 3216 posterior:
1925 3155 2062 3213 cuius
2085 3153 2182 3201 hoc
2207 3157 2271 3203 sit
2303 3173 2462 3204 exem-

1440 3233 1601 3297 plum.
1623 3231 1738 3279 Non
1757 3232 1796 3277 si
1812 3233 1892 3291 ius
1905 3247 2046 3279 suum
2068 3233 2332 3298 unicuique
2352 3235 2463 3282 red-

1441 3313 1531 3370 dit,
1569 3327 1669 3359 non
1699 3312 1859 3372 justus
1899 3321 2009 3358 est:
2042 3313 2177 3376 atqui
2201 3314 2282 3373 ius
2318 3330 2458 3362 suum

1440 3390 1703 3453 unicuique
1747 3389 1906 3436 reddit
1941 3406 1952 3436 =
1984 3391 2143 3450 justus
2181 3403 2252 3440 est
2290 3395 2460 3456 igitur.

1440 3471 1523 3518 Ad
1571 3473 1776 3535 primam
1832 3471 2201 3534 argumentandi
2258 3473 2461 3520 sormam

1441 3551 1645 3598 refertur
1705 3550 1788 3597 hic
1837 3550 2147 3616 syllogismus
2202 3566 2216 3600 τ
2283 3551 2467 3617 duplex

1444 3628 1572 3677 enim
1597 3630 1795 3693 negatio
1817 3629 1912 3676 vim
1939 3628 2085 3676 habet
2111 3627 2462 3679 affirmationis.

1442 3711 1624 3758 Pnusr.

1521 3793 1569 3842 4.
1603 3787 1667 3832 Ec
1697 3784 1772 3833 lu‘s
1904 3785 2012 3850 adj.
2039 3789 2156 3834 Haec
2184 3785 2468 3846 Schiitzius,

1443 3875 1500 3912 ut
1529 3865 1814 3928 interpolata
1830 3900 1844 3924 ‚
1865 3866 2068 3912 omniuo
2099 3863 2295 3912 delevit.

1522 3945 1572 3992 5.
1607 3943 2002 4004 Enthymemata.
2030 3941 2230 4005 Vulgari
2268 3945 2472 3994 notione

1450 4009 1690 4086 significzit
1709 4023 2013 4086 enthymema
2028 4020 2363 4085 syllogismum
2381 4025 2470 4072 im-

1453 4100 1719 4165 perfectum
1742 4115 1801 4150 ex
1831 4099 2018 4154 duabus
2043 4112 2343 4152 constantem
2362 4121 2474 4169 pnr-
