2982 4682
678 407 807 476 An
853 405 1441 488 HERENNIUM‚
1486 405 1751 474 LIBER
1799 407 1867 488 1,
1928 406 2032 488 ιι..
2334 399 2420 497 37

310 543 474 600 tem.
506 558 543 594 n
578 529 665 598 Et
702 527 857 614 lex,
900 511 1477 597 «Paterfamilias
1499 527 1608 596 uti
1640 549 1857 624 super
1898 523 2162 596 familia
2207 546 2422 620 pecu-

309 641 507 708 niave
526 661 653 709 sua
674 637 1033 734 legaverit,
1056 637 1151 705 ita
1161 636 1280 730 jus
1305 649 1520 706 esto».
1533 639 1623 707 Et
1642 636 1780 722 lex,
1793 636 1900 712 «Si
1915 631 2424 732 paterfamilias

311 746 681 817 intestatus
695 745 1024 832 moritur,
1040 742 1305 815 familia
1336 745 1790 842 pecuniaque
1814 744 1972 840 ejus
1998 757 2424 840 agnatorum

220 906 227 918 .
310 853 822 950 gentiliumque
862 867 1040 924 esto·
1098 852 1473 926 Malleolus
1494 842 1526 898 ⁵
1574 854 1935 949 judicatus
1980 867 2089 924 est
2121 868 2420 924 matrem

314 987 632 1047 necasse3
662 965 731 1032 ei
761 961 1100 1034 damnato
1142 965 1379 1033 statim
1418 960 1741 1034 folliculo
1779 949 2034 1060 lupino
2075 985 2159 1032 os
2196 960 2426 1032 obvo-

315 1072 539 1143 lutum
577 1087 725 1160 est,
762 1087 837 1144 et
862 1073 1073 1143 soleae
1110 1071 1361 1169 ligneae
1395 1070 1704 1170 pedibus
1739 1070 2054 1143 inductae
2087 1063 2258 1142 sunt
2271 1067 2328 1158 ⁶,
2356 1086 2428 1140 et

314 1183 381 1250 in
402 1205 757 1253 carcerem
780 1180 1041 1252 ductus
1066 1187 1193 1252 e'st.
1220 1183 1365 1273 Qui
1392 1179 1876 1254 defendebant
1903 1191 2130 1266 eum⁷‚
2151 1179 2430 1252 tabulas

314 1292 381 1360 in
410 1315 767 1363 carcerem
796 1288 1674 1379 afferunt31estamentum
1703 1295 1862 1389 ipso
1887 1303 2239 1388 praesente
2257 1314 2428 1360 con·

312 1398 715 1488 scribunt⁸;
752 1414 969 1472 testes
1006 1400 1187 1472 rite9
1240 1398 1608 1471 affuerunt
1643 1427 1658 1469 ε
1704 1400 1794 1470 de
1832 1399 1957 1469 illo
1993 1399 2430 1496 supplicium

313 1510 551 1606 paullo
604 1525 772 1608 post
818 1511 1129 1581 sumitur
1153 1519 1249 1598 ¹03
1293 1512 1382 1596 ii,
1437 1512 1562 1608 qui
1605 1508 1904 1582 heredes
1964 1525 2166 1580 erant
2204 1523 2428 1580 testa-

312 1635 595 1706 ment0,
646 1619 1113 1691 hereditatem
1152 1617 1444 1690 adeunt.
1488 1625 1736 1690 Frater
1765 1621 2032 1717 ,minor
2079 1616 2428 1704 Malleoli,

312 1734 433 1828 qui
463 1755 631 1803 eum
659 1743 1202 1828 oppugnaverat
1231 1731 1307 1799 in
1338 1729 1493 1824 ejus
1520 1729 1951 1826 periculo¹¹‚
1985 1731 2189 1798 ‘suam
2220 1743 2428 1798 vocat

312 1840 775 1912 hereditatem
806 1839 963 1937 lege
994 1841 1407 1937 agnationis.
1436 1841 1569 1910 Hic
1598 1854 1790 1910 certa
1812 1838 1928 1910 lex
1954 1839 2028 1908 in
2057 1862 2208 1908 rem
2231 1837 2428 1908 nulla

313 1949 631 2037 affertur,
645 1965 718 2024 et
734 1965 971 2021 tamen
996 1948 1237 2020 multae
1262 1947 1688 2034 afferuntur,
1706 1973 1745 2018 e
1771 1945 2030 2042 quibus
2047 1950 2428 2018 ratiocina-

312 2063 407 2131 tio
426 2061 773 2145 nascitur,
786 2081 1009 2156 quare
1026 2061 1347 2155 potuerit
1360 2113 1379 2144 ,
1398 2073 1524 2128 aut
1539 2081 1686 2127 non
1705 2058 2020 2154 potuerit
2043 2058 2206 2150 jure
2225 2070 2431 2127 testa-

313 2182 635 2240 mentum
665 2165 897 2238 facere
910 2198 963 2237 n.
986 2168 1421 2238 Constitutio
1462 2166 1771 2260 legitima
1799 2178 1906 2236 est
1947 2189 2034 2236 ex
2069 2167 2433 2238 ratiocina-

312 2278 525 2349 tione.
542 2275 969 2374 Cujusmodi
1001 2290 1239 2374 partes
1274 2289 1509 2349 essent
1545 2275 1874 2371 legitimae
1897 2276 2434 2349 ‘constitutionis

309 2386 786 2460 ostendimus:
812 2412 1009 2457 nunc
1036 2384 1127 2456 de
1142 2386 1522 2481 juridiciali
1547 2388 2058 2457 constitutione
2091 2384 2430 2457 dicamus,

400 2502 591 2569 XIV.
612 2494 819 2591 (xlv.)
842 2500 877 2567 J
882 2492 1265 2567 uridicialis
1283 2506 1301 2539 ¹
1332 2498 1752 2567 constitutio
1769 2509 1896 2581 est,
1915 2518 2144 2593 quum
2165 2492 2432 2566 factum

309 2700 401 2739 tur.
428 2692 529 2739 Pro
554 2689 694 2739 corio
715 2688 911 2753 qnidam
938 2690 1131 2739 edidere
1156 2689 1289 2737 culeo
1310 2722 1327 2746 ‚

306 2768 387 2817 od
410 2770 517 2819 sine
546 2769 723 2818 libris:
754 2784 843 2817 nec
864 2784 1059 2817 necesse
1080 2780 1169 2817 est.
1198 2770 1325 2816 Ena.

1416 2687 1612 2737 Schiitz.
1658 2710 1680 2731 ι
1706 2688 1905 2740 heredes
1929 2724 1943 2749 ,
1973 2705 2097 2753 qnos
2119 2692 2287 2754 jubet,
2312 2694 2436 2741 scri-

1416 2768 1540 2815 bunt
1559 2790 1600 2817 n.
1629 2768 1792 2829 Editio
1813 2768 2015 2817 Mediol.
2039 2770 2199 2833 inquit
2213 2806 2228 2829 ,
2251 2771 2396 2819 habet
2417 2790 2430 2821 :

372 2850 423 2896 5.
444 2848 731 2897 Malleolus.
750 2847 838 2895 Ille
854 2848 947 2896 fuit
958 2848 1144 2912 primus
1162 2848 1331 2893 Roma.-

306 2928 547 2991 parricida
564 2964 583 2989 ,
629 2941 766 2976 anno
810 2928 875 2976 tJ.
914 2928 971 2975 C.
1010 2928 1109 2975 653
1127 2961 1141 2985 ,
1178 2941 1329 2988 quum

306 3007 403 3055 Cie.
418 3022 508 3055 sex
519 3020 687 3053 annos
697 3015 839 3053 natus
852 2996 1214 3055 ensenvidffit.
1228 3005 1329 3051 [ἡν.

308 3084 435 3149 Epic.
454 3086 493 3132 l.
511 3086 617 3143 683
638 3084 776 3131 Paul.
797 3085 939 3131 Oros.
959 3099 1009 3131 v.
1040 3085 1117 3131 16.
1136 3084 1310 3131 Wrrz.

369 3164 423 3214 6.
446 3163 682 3211 Inducta
700 3172 826 3211 sum.
856 3162 946 3209 MS
966 3162 1099 3226 Lips.
1128 3159 1332 3210 indutas.

304 3242 413 3291 Em.
430 3243 571 3303 conj.
594 3240 769 3289 indiue
787 3250 839 3287 et
856 3238 927 3286 sic
942 3240 1085 3287 Voss.
1108 3242 1133 3286 1
1154 3240 1335 3303 impro-

304 3318 443 3370 bante
466 3320 611 3370 Oud.
642 3318 842 3367 Indueae
866 3328 941 3365 est
966 3318 1107 3365 etiam
1134 3318 1239 3367 Cic.
1270 3316 1329 3367 de

304 3402 405 3450 Inv.
442 3403 533 3463 11,
566 3398 675 3460 50,
706 3396 795 3445 nbi
828 3397 913 3445 alii
945 3396 1113 3461 legunt
1146 3395 1327 3445 indieoe.

302 3478 413 3527 Sca.
430 3506 505 3517 —-
531 3476 700 3527 Brun.
735 3499 761 3520 ιι
782 3477 950 3524 ferreoe
974 3476 1027 3523 in
1052 3476 1259 3540 pedibus
1276 3497 1329 3532 n,

299 3558 435 3622 qnod
448 3558 505 3605 ἰη
522 3566 683 3605 restat
700 3556 843 3603 etiam
863 3554 915 3602 in
932 3555 1055 3603 Pan.
1074 3570 1150 3619 pr.
1170 3565 1329 3619 quart.

300 3648 423 3685 sext.
454 3638 705 3685 Gau-rn-
1226 3695 1229 3699 Ι

368 3732 421 3777 7.
468 3715 577 3779 Qui
618 3710 975 3777 defendebant.
1020 3711 1215 3761 schiitz.
1241 3712 1327 3759 de-

278 3793 577 3857 fenderant.
604 3792 693 3841 Sic
708 3791 977 3840 nece-nario
995 3790 1301 3839 scribendum
1318 3825 1333 3849 ,

294 3874 485 3939 inquit,
514 3894 539 3915 ι
567 3871 663 3936 qui
690 3870 1015 3919 defendebant
1041 3886 1151 3929 enm
1178 3890 1200 3911 ι
1233 3886 1335 3917 non

296 3954 428 4001 cadit
454 3954 511 3999 in
536 3948 795 4005 hominem
812 3949 911 4010 jam
934 3950 1227 3999 damnatum.

367 4033 418 4079 8.
452 4034 833 4079 Testamentum
855 4028 955 4091 ipso
967 4041 1203 4093 proeseme
1224 4044 1337 4075 con·

292 4112 535 4159 scribant.
566 4108 713 4169 Lipn.
749 4105 1077 4157 conscribitur.
1104 4109 1229 4155 Ειπ.
1269 4132 1337 4143 —-

1417 2866 1443 2887 αι
1463 2856 1796 2894 testamentum
1824 2846 1933 2911 ipso
1960 2858 2192 2909 presente
2218 2851 2436 2895 conscri-

1416 2925 1542 2974 bunt
1557 2960 1571 2983 ,
1590 2924 1814 2981 heredes,
1831 2940 1956 2987 qnos
1970 2924 2134 2985 jubet,
2151 2926 2370 2975 scribunt
2386 2947 2432 2983 ις
2454 2926 2465 2937 “

1418 3020 1479 3051 ex
1521 3019 1621 3066 quo
1661 3002 1945 3066 intelligitur
1987 3002 2198 3065 priorem
2238 3005 2436 3068 phrasin

1417 3098 1479 3129 ex
1515 3082 1914 3145 interpretatione
1951 3082 2235 3145 posterioris
2274 3096 2436 3133 natam

1418 3178 1538 3210 ease.
1577 3163 1640 3209 Et
1673 3176 1752 3226 ap.
1779 3160 1884 3211 Cic.
1919 3161 1978 3209 de
2009 3164 2115 3210 Iov,
2143 3165 2223 3223 11,
2262 3164 2354 3225 50,
2383 3166 2436 3212 in

1419 3240 1584 3289 endem
1623 3242 1896 3288 narratione
1923 3241 2131 3290 dicitur:
2157 3264 2184 3284 κ
2205 3230 2404 3293 hei-edes
2419 3279 2433 3301 .

1417 3335 1544 3383 quos
1563 3320 1670 3383 ipse
1691 3320 1825 3381 jubet
1840 3356 1853 3377 ,
1877 3320 2096 3367 scribunt
2112 3343 2153 3370 a.

1488 3413 1538 3460 9.
1582 3400 1739 3447 Testes
1766 3398 1856 3445 rice
1881 3395 2152 3464 affiterunt.
2182 3402 2323 3449 Recte
2347 3402 2436 3450 ha-

1416 3476 1534 3525 bent
1561 3478 1686 3525 Mss
1712 3478 1908 3542 plures,
1928 3476 2040 3527 edd.
2073 3482 2235 3545 1474,
2266 3482 2399 3542 1475
2423 3514 2440 3539 ,

1418 3555 1496 3604 ed.
1548 3556 1686 3605 Med.
1739 3554 1874 3621 qnod
1924 3572 2080 3621 prope
2123 3559 2434 3621 praetulerim.

1420 3635 1634 3683 Enna-r.

1498 3728 1579 3762 10.
1603 3714 1896 3779 Supplicium
1909 3714 2079 3777 paullo
2092 3726 2206 3777 pose
2221 3715 2438 3765 sumitur.

1420 3790 1599 3838 Paullo
1639 3803 1752 3856 pose
1792 3792 1926 3841 abent
1969 3808 1996 3839 n
2039 3780 2159 3841 ἢθη.
2206 3795 2438 3859 quibusd.

1423 3869 1538 3919 edd.

1503 3964 1522 3994 ι
1539 3964 1556 3994 ι
1571 3982 1582 3994 .
1605 3950 1662 3994 In
1685 3946 1784 4010 ejus
1789 3948 2027 4010 periculo.
2043 3950 2154 3999 Tria
2177 3952 2276 4000 baec
2299 3954 2442 4001 verba

1426 4029 1660 4091 recipiunt
1682 4028 1885 4091 glossam
1907 4028 2197 4093 interpretis.
2226 4033 2388 4079 Gau-r.

1500 4110 1644 4156 XIV.
1673 4124 1716 4156 ι.
1741 4107 2060 4156 Iuridicialis.
2077 4111 2149 4155 De
2173 4126 2268 4171 qua
2291 4110 2445 4161 fusius
