2982 4682
797 288 916 356 AD
965 289 1557 373 HERENNIUM,
1604 291 1866 360 ussssss
1918 295 2038 375 lv,
2100 291 2205 360 ιθ.
2412 317 2550 390 199

413 406 701 506 publica
719 408 1141 482 removebas
1159 463 1177 497 ‚
1206 425 1279 480 et
1305 410 1665 482 alienabas
1690 421 1710 453 ¹
1728 424 1778 496 ¹,
1804 437 1893 480 an
1924 413 2123 482 non?
2158 429 2262 500 et,
2302 429 2545 487 utrum

414 518 734 614 aliquem
755 522 1087 588 exornari
1106 524 1434 618 oportuit
1453 576 1472 608 ,
1493 524 1621 619 qui
1648 523 1779 592 ista
1816 521 2263 618 prohiberet,
2286 550 2368 594 ac
2396 523 2551 596 fieri

421 653 567 698 non
604 629 911 716 sineret,
946 655 1038 698 an
1069 654 1214 700 non
1244 631 1320 700 Ρ»

517 740 706 808 XVI.
736 737 942 832 (xvx.)
977 740 1480 810 Ratiocinatio¹
1518 755 1659 828 est,
1691 765 1819 839 per
1852 766 2069 838 quam
2098 745 2235 841 ipsi
2270 769 2309 814 a
2339 744 2549 816 nobis

419 849 774 917 rationem
797 851 1196 946 poscimuS,
1225 874 1449 946 quare
1478 848 1802 950 quidque
1832 849 2151 922 dicamus
2169 866 2274 936 ,et
2295 853 2552 924 crebro

423 971 711 1027 nosmet
741 981 782 1028 a
819 955 1028 1028 nobis
1071 961 1383 1054 petimus
1430 960 1763 1054 uniuscuj
1777 985 2003 1058 usque
2040 965 2557 1060 propositionis

424 1067 1020 1164 explanationem.
1068 1071 1168 1138 Ea
1204 1083 1312 1140 est
1341 1068 1756 1164 hujusmodi
1790 1098 1803 1140 z
1838 1102 1871 1136 «
1894 1071 2205 1165 Majores
2240 1075 2469 1146 nostri
2505 1073 2563 1146 si

424 1203 640 1276 quam
692 1181 908 1248 unius
967 1178 1241 1276 peccati
1295 1179 1670 1250 mulierem
1720 1179 2198 1267 damnabant,
2260 1180 2563 1278 simplici

417 1287 689 1382 judicio
721 1287 1118 1358 multorum
1156 1285 1669 1363 maleficiorum
1714 1294 2115 1362 convictam
2160 1289 2560 1388 putabant:

424 1401 593 1488 Quo
631 1398 890 1496 pacto?
925 1401 1307 1496 quoniam,
1358 1423 1577 1495 quam
1633 1400 2071 1497 impudicam
2118 1401 2566 1496 judicarant,

431 1531 591 1578 eam
637 1503 962 1578 veneficii
998 1533 1296 1606 quoque
1341 1507 1749 1580 damnatam
1792 1509 2317 1582 existimabant.
2374 1507 2568 1600 Quid

429 1619 570 1688 ita?
595 1619 766 1714 quia
799 1642 1087 1688 necesse
1125 1635 1253 1704 est,
1279 1643 1462 1704 eam,
1491 1643 1651 1716 quae
1676 1643 1887 1690 suum
1916 1645 2178 1718 corpus
2211 1617 2565 1692 addixerit

427 1728 851 1824 turpissimae
885 1726 1292 1826 cupiditati,
1349 1730 1605 1799 timere
1644 1727 2061 1825 permultos.
2105 1730 2309 1818 Quos
2343 1730 2565 1826 istos?

429 1840 708 1924 virum,
766 1849 1167 1934 parentes²,
1207 1853 1520 1924 ceter-OS,
1569 1839 1656 1909 ad
1693 1833 1921 1935 quos3
1959 1839 2155 1910 videt
2198 1843 2310 1912 sui
2350 1841 2565 1912 dede-

432 1948 614 2018 coris
650 1945 1012 2018 infamiam
1039 1949 1420 2045 pertinere.
1444 1948 1639 2038 Quid
1666 1949 1957 2046 postea?
1976 1973 2162 2046 quos
2190 1964 2570 2046 tantopere

433 2061 718 2143 timeat,
746 2082 868 2127 eos
909 2082 1198 2130 necesse
1237 2073 1380 2144 est,
1417 2073 1540 2142 ut,
1578 2083 1881 2154 quoquo
1913 2057 2135 2128 modo
2174 2060 2421 2156 possit,
2456 2085 2572 2132 ve-

435 2165 692 2237 neficio
741 2181 935 2263 petat
955 2171 1009 2237 4.
1066 2167 1262 2238 Cur?
1307 2171 1476 2266 quia
1531 2167 1731 2253 nulla
1764 2181 2006 2266 potest
2038 2169 2345 2242 honesta
2386 2172 2571 2240 ratio

430 2279 740 2349 retinere
771 2301 967 2365 eam,
994 2303 1212 2379 quam
1243 2275 1666 2379 magnitudo
1701 2281 1973 2377 peccati
2013 2277 2178 2351 facit
2214 2278 2572 2363 timidam,

433 2390 982 2489 intemperantia
1029 2390 1404 2475 audacem,
1448 2404 1707 2461 natura
1746 2389 2118 2461 muliebris
2161 2389 2573 2461 inconside-

434 2488 730 2569 ratam5.
772 2498 966 2587 Quid
1025 2496 1348 2571 veneficii
1400 2495 1915 2570 damnatamss?
1952 2498 2177 2596 quid?
2222 2497 2576 2597 putabant

435 2609 867 2706 impudicam
911 2633 1207 2711 quoque
1246 2610 1666 2679 necessario
1716 2610 2006 2699 Quare?
2040 2611 2213 2705 quia
2250 2607 2451 2679 nulla
2479 2606 2569 2679 fa-

437 2718 640 2789 cilius
688 2716 778 2791 ad
822 2706 896 2789 id
953 2710 1384 2791 maleficium
1425 2744 1673 2803 causa,
1719 2744 1936 2815 quam
1980 2722 2211 2815 turpis
2256 2742 2462 2789 amor
2501 2732 2573 2785 et

511 2924 531 2957 ι
547 2924 590 2957 r.
611 2910 678 2957 Ee
701 2904 974 2957 alienabas.
993 2910 1112 2958 sch.
1152 2930 1177 2952 ο
1198 2920 1246 2958 et
1276 2910 1456 2957 abalie-

435 2984 659 3048 naban,
699 2999 902 3039 amm
924 2988 1055 3037 ond.
1095 3004 1126 3037 e
1151 2991 1296 3045 Voss.
1321 3004 1366 3047 r,
1395 2990 1424 3036 3
1444 3022 1458 3047 ‚

438 3066 570 3116 Leid.
592 3083 620 3114 2
637 3102 654 3128 ‚
681 3067 728 3117 3.

505 3145 648 3193 xvt.
685 3160 730 3191 1.
759 3142 1098 3191 Ratiocinatio.
1123 3146 1240 3191 Haec
1265 3142 1419 3207 figura
1439 3182 1453 3206 ,

439 3225 498 3271 de
537 3240 632 3288 qua
678 3222 822 3271 silent
869 3222 1162 3271 recentiores
1202 3224 1420 3271 rhetores
1440 3258 1455 3282 ‚

1543 2920 1697 2973 petat.
1752 2910 2017 2958 Conclusio
2072 2912 2203 2956 certe
2260 2908 2457 2956 miiiime
2504 2909 2572 2955 Ιιέ-

1548 2989 1731 3053 gitima.
1788 2990 1965 3035 Parum
2018 2988 2169 3051 igitur
2230 2988 2315 3035 hic
2370 2990 2571 3051 moigne

1550 3066 1757 3129 profecit
1794 3066 1976 3114 Noster
2023 3067 2243 3131 exempla
2283 3081 2366 3116 sua
2402 3068 2572 3132 profe-

1546 3144 1717 3191 tendo.

1620 3224 1667 3274 5.
1682 3224 1873 3271 Namra
1889 3222 2129 3272 mediebn's
2146 3223 2576 3271 inconsideratam.

438 3302 612 3366 gaiiico
635 3298 888 3363 interpreti
917 3316 1016 3348 non
1036 3300 1242 3348 multum
1262 3300 1458 3349 differre

441 3380 634 3429 videtur
667 3396 694 3427 a
721 3378 1023 3439 subjectione
1038 3414 1054 3438 ,
1095 3380 1156 3427 de
1202 3396 1297 3444 qua
1335 3380 1456 3428 infra

436 3462 536 3525 agit
556 3469 727 3507 unctor
752 3475 856 3521 cap.
877 3458 964 3507 25.

509 3554 556 3586 a.
579 3537 777 3594 Virmn,
800 3548 1046 3599 parentes.
1077 3535 1296 3584 Lambin.
1322 3534 1460 3585 addit

423 3616 638 3682 stactes,
657 3618 890 3663 incertum
914 3632 1008 3678 qua
1029 3617 1334 3665 auctoritate.
1355 3618 1459 3665 Ne·

436 3712 532 3761 qne
549 3712 664 3744 vero
683 3710 743 3742 eo
761 3692 843 3741 hic
869 3708 994 3758 opus
1021 3703 1109 3743 est.
1138 3696 1254 3743 scu.

511 3776 558 3825 3.
579 3777 786 3829 cetoros,
799 3772 874 3818 ad
895 3788 1037 3835 quos.
1052 3809 1065 3822 .
1081 3772 1323 3837 ‚per-tinet.
1341 3774 1382 3823 1.
1410 3790 1456 3822 e.

437 3856 497 3903 ad
511 3870 639 3919 quos
661 3851 968 3911 extenditurg
983 3853 1066 3917 qui
1081 3852 1134 3899 in
1155 3864 1338 3915 partem
1358 3854 1463 3915 ejus

439 3932 647 3981 infamia
666 3930 888 3979 veniunt.

515 4021 560 4068 4.
592 4012 800 4074 Quoquo
834 4006 984 4054 modo
1017 4007 1193 4071 possit,
1225 4008 1462 4077 venfflce'o

1528 3300 1670 3373 ,(Ξοᾶ.
1712 3298 1841 3348 pith.
1866 3313 2077 3349 «natura
2116 3302 2387 3361 muliebris,
2422 3314 2573 3366 qnare

1547 3396 1651 3427 eam
1693 3380 1835 3429 faciat
1880 3396 2072 3428 necesse
2116 3392 2190 3428 est
2242 3382 2575 3429 inconsidera—

1548 3470 1643 3508 tam
1664 3480 1714 3509 ι.
1746 3460 1847 3508 Alii
1864 3496 1878 3520 ,
1905 3481 1927 3502 ι
1948 3471 2115 3507 natura
2150 3459 2399 3508 muliebris
2427 3460 2570 3507 fae'iat

1550 3554 1744 3586 necesse
1767 3548 1840 3586 est
1864 3538 2269 3586 inconsideratam
2290 3561 2335 3586 n.
2360 3534 2574 3586 Vocuias

1550 3638 1575 3657 κ
1592 3618 1733 3664 faciat
1760 3632 1953 3664 necesse
1980 3628 2089 3665 est·
2130 3618 2309 3681 probat
2331 3606 2581 3665 Graevius?

1549 3696 1757 3760 Vulgata
1788 3705 1946 3743 tamen
1972 3688 2104 3743 haud
2133 3696 2361 3744 deterior.
2387 3694 2499 3743 Scn'.

1618 3772 1673 3822 6.
1694 3773 1827 3839 Quid
1840 3772 2065 3841 ‘veneficii'
2076 3774 2363 3831 damnatam
2374 3778 2403 3820 θ
2415 3772 2575 3835 qnid?

1544 3854 1791 3918 putabant
1809 3849 2125 3916 impcede‘cam.
2144 3852 2235 3901 Ed.
2256 3848 2392 3899 Med.
2411 3866 2431 3898 1
2444 3852 2541 3915 498
2558 3887 2571 3909 ,

1562 3954 1584 3975 ι
1602 3931 1737 3995 Quid
1760 3946 1907 3995 quam
1932 3928 2157 3977 veneficii
2185 3930 2455 3978 damnatam
2480 3932 2572 3995 pu-

1552 4010 1752 4068 tab-nu
1781 4008 2077 4073 impudicam
2097 4030 2143 4056 ιι.
2170 4036 2187 4055 2
