2982 4682
1124 418 1810 493 ARGUMENTUM.
2399 420 2538 493 565

731 551 953 597 tantum
1002 552 1342 619 spectantur
1388 540 1664 599 laudandi
1709 540 2202 619 vituperandique
2249 544 2504 603 rationes
2527 587 2544 613 ,

732 655 859 715 cap.
892 638 1105 697 21-23.

652 752 711 810 b.
739 758 937 809 Genus
964 750 1411 809 deliberativum
1427 795 1444 825 ,
1465 752 1527 809 in
1547 772 1668 831 quo
1692 751 1946 831 primum
1969 751 2250 830 queritur

731 896 782 929 a·
807 863 962 939 Quid
993 864 1328 924 suasoribus
1357 860 1646 945 a'gendum
1673 866 1764 925 sit.
1796 870 1888 927 De
1923 864 2203 935 utilitate,
2235 886 2284 923 c.
2313 866 2418 941 25,
2443 868 2546 940 263

812 962 889 1021 de
914 962 1143 1023 ratione
1168 962 1485 1034 efficiendi,
1513 982 1640 1041 cap.
1672 982 1765 1036 ²7·

734 1088 786 1151 β.
814 1076 971 1149 Quid
997 1076 1498 1149 dissuadentibus,
1525 1096 1654 1157 cap.
1675 1077 1771 1136 28.

735 1218 787 1269 γ.
814 1187 972 1263 Quid
1000 1188 1233 1269 utrique
1260 1208 1570 1249 commune
1594 1189 1716 1248 sit..

654 1325 705 1364 c.
729 1307 925 1363 Genus
950 1296 1259 1380 judiciale,
1282 1323 1410 1382 cap.
1432 1322 1538 1381 29,
1561 1322 1686 1383 sqq.
1711 1303 1776 1361 in
1801 1320 1920 1381 quo

734 1445 789 1478 α.
811 1414 1091 1490 Quaedam
1117 1430 1251 1477 ante
1268 1416 1558 1494 judicium
1583 1417 1842 1497 agenda,
1869 1434 1997 1495 esp.
2022 1435 2116 1493 ²9·

738 1540 787 1605 β.
813 1534 881 1589 In
908 1530 1047 1609 ipsis
1066 1530 1335 1608 judiciis,
1369 1551 1497 1611 cap.
1517 1532 1622 1603 3ο,
1656 1550 1817 1609 seqq.
1839 1532 1934 1589 vel
1960 1530 2173 1589 sactum
2197 1529 2524 1609 negandum
2539 1572 2556 1600 ,

824 1628 917 1685 vel
958 1627 1287 1707 negandum
1300 1672 1319 1702 ,
1348 1627 1510 1707 quod
1548 1628 1782 1686 fatentis
1821 1626 2038 1686 sactum
2074 1646 2200 1685 esse
2221 1670 2239 1699 ,
2278 1645 2406 1686 eum
2443 1627 2559 1685 vim

822 1720 1039 1783 habere
1052 1769 1070 1799 ,
1106 1738 1169 1783 et
1204 1722 1265 1781 id
1306 1744 1431 1783 esse
1471 1722 1636 1801 quod
1678 1722 2042 1781 adversarius
2082 1722 2445 1795 criminetur,
2467 1722 2558 1781 ve!

826 1832 1047 1877 rectum
1071 1840 1196 1879 esse
1221 1819 1381 1897 quod
1406 1819 1644 1891 feceris„
1674 1816 2205 1878 demonstrandum.

428 1930 536 1987 Hic
572 1930 826 2008 primum
869 1932 1139 1991 universo
1181 1933 1498 2010 exponitur
1533 1930 1976 2010 disceptationis
2006 1931 2432 1991 constituenda
2465 1952 2564 1990 ra-

507 2027 620 2100 tio,
648 2047 775 2107 cap.
799 2030 907 2102 30,
938 2028 1030 2087 31.
1051 2029 1281 2089 Deinde
1306 2028 1547 2107 singulis
1569 2029 2097 2088 controversiarum
2123 2029 2432 2108 generibus
2459 2030 2563 2107 qui
2683 2088 2690 2097 ,

506 2126 620 2184 loci
646 2126 763 2183 sint
791 2126 1049 2205 proprii,
1083 2126 1391 2205 quaeritur5
1419 2127 1902 2207 explicanturque

594 2236 660 2296 1⁰
684 2238 826 2299 Loci
852 2239 1281 2300 constitutionis
1302 2240 1738 2320 conjecturalis,
1773 2258 1902 2320 cap.
1929 2240 2138 2298 32-35.

592 2361 654 2410 2⁰
680 2355 1033 2429 Definitivae,
1065 2374 1193 2434 cap.
1224 2355 1317 2414 36.

590 2465 661 2526 3⁰
692 2471 1027 2545 Generalis,
1054 2491 1181 2551 cap.
1203 2473 1295 2546 37.

430 2581 659 2656 Quibus
680 2583 979 2644 adduntur
999 2585 1060 2658 ii,
1070 2585 1171 2662 qui
1192 2585 1255 2643 in
1284 2585 1682 2643 controversia
1713 2581 1788 2641 de
1812 2581 2030 2659 scripto
2053 2592 2111 2638 et
2133 2578 2444 2650 sententia,
2463 2601 2562 2638 seu

510 2680 570 2738 in
606 2682 1021 2740 constitutione
1070 2681 1325 2760 legitima
1366 2691 1711 2772 occurrunt,
1741 2697 1914 2758 quam
1947 2675 2149 2737 Cicero
2181 2687 2346 2750 ante,
2390 2695 2564 2754 quum

511 2795 722 2853 genera
751 2777 1281 2838 controversiarum
1306 2771 1692 2848 enumeraret,
1721 2777 1784 2834 in
1810 2793 2056 2834 numero
2078 2772 2238 2831 haud
2260 2785 2565 2852 posuerat,

514 2893 583 2930 ca
627 2915 641 2928 .
674 2875 780 2946 38,
822 2878 857 2933 3
902 2919 919 2934 .

434 2893 713 3046 Ερὶἰξςυε
748 2897 927 3028 habs-'st
964 2971 1201 3030 brevem
1240 2971 1317 3030 de
1350 2990 1455 3029 usu
1490 2969 1878 3050 philosophiae
1905 2966 2267 3028 Academica-2
2295 2963 2562 3062 adtnoni-

516 3062 731 3120 tionem
747 3106 766 3137 ,
793 3083 921 3142 cap.
949 3074 1039 3133 10⁰·
