2982 4682
709 413 1202 486 ORATORJAE
1248 412 1890 496 PARTITIONES,
1952 434 2055 478 12.
2311 404 2449 479 585

338 558 419 605 ex
452 534 909 624 contrariis²‚
946 559 1133 631 saepe
1170 533 1384 605 etiam
1422 558 1512 604 ex
1557 530 2026 603 dissimilibus
2044 522 2100 614 3,
2135 553 2318 629 saepe
2363 556 2450 602 ex

337 642 621 741 paribus
635 641 687 713 4.
734 643 1229 736 Quamobrem
1301 636 1874 741 descriptiones⁵
1921 664 2218 737 quoque
2279 656 2450 711 sunt

337 755 405 823 in
437 753 577 824 hoc
604 777 866 849 genere
901 779 1085 853 saepe
1125 769 1348 853 aptae,
1398 768 1471 825 et
1506 756 1957 825 enumeratio
1995 774 2448 847 consequen-

337 856 583 949 tium⁶‚
616 864 689 932 in
741 864 1136 961 primisque
1189 879 1598 936 commovet
1652 860 2078 960 explicatio?
2122 859 2451 933 vocabuli

336 993 413 1041 ac
438 995 775 1043 nominis.
2431 1032 2442 1047 .

428 1081 609 1178 (ιιι.)
638 1086 719 1154 C.
758 1087 830 1154 F.
862 1089 1046 1157 Sunt
1077 1087 1397 1185 exposita
1419 1088 1570 1180 jam
1605 1082 1758 1156 fere
1781 1107 1895 1167 ea,
1927 1106 2087 1178 quae
2112 1080 2203 1152 de
2224 1079 2414 1153 facto
2433 1136 2454 1170 ,

338 1214 637 1289 quaeque
666 1192 757 1265 de
794 1192 960 1266 facti
996 1195 1479 1293 appellatione
1519 1206 1961 1290 quaeruntur.
2004 1193 2283 1288 Nempe
2318 1192 2452 1289 igi-

338 1314 451 1371 tur
476 1326 558 1374 ea
582 1318 888 1394 restant,
920 1330 1113 1403 quae,
1148 1332 1377 1403 quum
1402 1304 1668 1377 facturn
1697 1316 2014 1387 constet,
2051 1316 2121 1372 et
2150 1326 2418 1372 nomen
2439 1354 2456 1384 ‚

338 1412 571 1509 qualia
615 1417 798 1501 sint,
840 1430 1139 1488 vocatur
1180 1419 1257 1488 in
1303 1415 1631 1488 dubium.
1670 1458 1769 1470 -
1804 1417 1883 1485 C.
1926 1419 2001 1486 P.
2053 1417 2177 1485 Est
2209 1414 2336 1501 ita,
2376 1428 2458 1483 ut

338 1522 527 1594 dicis.
558 1566 651 1577 -—
681 1527 759 1595 C.
787 1529 861 1594 F.
910 1528 1088 1617 Quae
1131 1542 1303 1599 sunt
1345 1529 1565 1625 igitur
1610 1527 1686 1597 in
1731 1550 1819 1597 eo
1868 1547 2129 1621 genere
2178 1522 2460 1620 partes?

337 1674 431 1686 —-
454 1636 547 1725 C.
570 1638 643 1704 P.
678 1637 821 1706 Aut
852 1636 1015 1732 jure
1053 1636 1325 1709 factum
1353 1629 1407 1725 ⁸,
1457 1634 1867 1733 depellendi
1902 1647 2027 1704 aut
2071 1630 2464 1704 ulciscendi

338 1742 605 1813 doloris
647 1746 909 1841 gratia,
966 1760 1091 1817 aut
1142 1748 1459 1845 pietatis,
1517 1759 1643 1816 ant
1688 1742 2083 1842 pudicitiae,
2127 1756 2252 1812 aut
2293 1741 2458 1812 reli-

338 1854 609 1950 gionis,
654 1869 777 1925 aut
810 1862 1055 1953 patriae
1091 1858 1429 1944 nomine,
1482 1870 1608 1927 aut
1652 1854 1967 1949 denique
2001 1854 2459 1937 necessitate,

340 1964 653 2047 inscitia,
690 1988 884 2035 casu.
921 1968 1099 2037 Nam
1132 1992 1294 2063 quae
1319 1981 1528 2038 motu
1555 1966 1774 2035 animi
1802 1978 1875 2033 et
1914 1961 2457 2061 perturbatione

410 2186 458 2220 2.
486 2173 569 2219 Ex
594 2189 687 2221 eon
695 2170 879 2224 trariis.
898 2175 1005 2234 Sic,
1032 2176 1074 2223 ei
1108 2176 1223 2224 volo
1251 2176 1350 2224 vir·

336 2261 487 2299 tutem
510 2250 709 2301 delinire
726 2287 742 2312 ,
774 2252 931 2302 dicein
968 2271 1079 2303 cum
1106 2256 1347 2305 Horatio:

340 2351 363 2374 ιι
383 2329 551 2380 Virtus
570 2344 643 2381 est
668 2334 841 2382 vitium
867 2336 1064 2399 sugere,
1091 2349 1141 2386 et
1158 2337 1349 2400 snpien-

338 2411 402 2460 tin
420 2413 573 2475 prium
598 2413 814 2462 Stultitia
835 2417 1045 2472 caruisse
1064 2438 1107 2466 ιο.

409 2491 459 2538 3.
486 2494 570 2540 Ex
591 2491 917 2542 dissimilibus.
946 2495 1027 2542 Sic
1060 2494 1217 2543 dicam
1248 2494 1352 2543 elo-

336 2572 583 2634 quentiam
612 2588 671 2620 eo
700 2589 727 2621 e
754 2575 925 2622 ceteris
956 2574 1141 2622 ortibus
1176 2574 1349 2622 distin·

335 2649 439 2712 gui,
460 2650 591 2714 quod
612 2651 759 2700 nullis
774 2651 957 2702 finibus
984 2652 1356 2702 circumscriba—
1387 2653 1403 2670 '

336 2739 442 2787 tur,
469 2746 621 2794 quum
652 2743 824 2782 cetera
851 2743 977 2780 artes
1002 2730 1157 2782 flnitae
1183 2733 1279 2780 siut
1307 2743 1355 2780 et

338 2807 625 2857 terminatae.

410 2893 460 2942 4.
488 2889 568 2935 Ex
591 2887 811 2950 paribus.
838 2889 919 2937 Sic
952 2891 1088 2940 Juno
1123 2893 1235 2939 AEn.
1268 2893 1315 2938 X
1334 2925 1351 2948 ,

338 2965 683 3024 81,Venerem
724 2969 1025 3033 alloquitur:
1068 2991 1090 3013 ι
1110 2971 1185 3018 Tu
1216 2983 1357 3034 poten

335 3046 537 3092 AEneeui
582 3047 804 3094 manibus
828 3047 1097 3096 subducem
1132 3051 1359 3109 Graium,

334 3127 531 3188 Proque
558 3127 668 3175 viro
693 3125 948 3187 nebulam,
982 3139 1032 3177 et
1066 3139 1240 3177 ventos
1271 3128 1359 3176 ob-

335 3203 540 3253 tendere
566 3204 761 3266 innnes,
792 3205 855 3253 Et
890 3216 1032 3270 potes
1066 3207 1121 3254 iu
1156 3207 1357 3254 totidem

335 3284 513 3333 classes
538 3294 817 3334 convertere
844 3283 1084 3350 nymphea
1105 3301 1118 3335 ε
1142 3285 1251 3334 Noe
1272 3286 1359 3333 eli-

334 3364 463 3428 quid
500 3365 711 3414 Rutulos
747 3375 915 3414 contra
945 3365 1155 3427 juvisse,
1189 3365 1359 3413 nefan-

336 3443 459 3491 dum
484 3445 589 3492 eet?
612 3465 634 3486 ι

414 3523 463 3570 5.
488 3519 850 3588 Descriptiones.
874 3521 1149 3588 Soepiuitne
1178 3521 1357 3571 descri-

335 3602 451 3666 ptio
477 3599 774 3651 definitionis
802 3603 965 3672 locum
992 3601 1215 3651 obtinere
1240 3613 1355 3666 pot-

336 3692 442 3739 est,
472 3695 582 3744 quae
610 3680 796 3728 scilicet
828 3680 888 3728 eb
925 3699 981 3729 ee
1016 3681 1207 3741 differt,
1226 3681 1361 3745 quod

336 3775 447 3808 non
474 3759 631 3807 solum
660 3759 881 3824 propriae
906 3761 1143 3825 cujusque
1173 3761 1241 3808 rei
1260 3761 1360 3808 vir·

335 3849 471 3887 tutes
517 3838 767 3910 continet,
804 3838 893 3886 sed
935 3839 1111 3888 multoe
1154 3839 1223 3886 rei
1267 3838 1361 3888 do-

340 3928 419 3966 tee
446 3926 717 3976 enumerat,
738 3932 945 3980 querum
960 3917 1067 3966 ⁸11oe
1090 3918 1197 3966 aliis
1218 3917 1363 3966 rebus

337 4008 554 4063 possunt
580 4012 682 4044 eene
710 4012 1004 4047 communes.
1039 3998 1247 4062 Respice
1268 3999 1366 4046 To-

336 4077 445 4142 pic.
472 4091 582 4140 cap.
610 4091 698 4124 22.
1166 4137 1175 4142 -

421 4155 471 4204 6.
487 4155 799 4204 Enumeratio
816 4172 950 4206 cons.
966 4159 1090 4221 Quae
1108 4155 1181 4220 fit,
1200 4146 1367 4224 quum,

1436 2186 1693 2241 postquam
1731 2175 1986 2223 retulimus
2023 2174 2184 2222 omnia
2233 2190 2342 2238 quae
2389 2176 2454 2221 sa-

1437 2268 1572 2307 ctum
1601 2257 1802 2321 aliquod
1837 2256 2056 2305 comitari
2084 2265 2168 2302 eut
2204 2254 2340 2317 sequi
2373 2268 2454 2299 so-

1436 2336 1568 2397 lent,
1607 2334 1950 2386 concludimus
1988 2334 2170 2383 sactnm
2208 2332 2334 2381 illud
2371 2332 2460 2380 ed-

1438 2419 1640 2466 missum
1687 2431 1808 2466 enee.
1853 2415 2041 2466 Confer
2077 2413 2292 2478 Philipp.
2314 2413 2459 2470 Vffl,

1439 2515 1496 2548 ce
1537 2535 1548 2548 .
1579 2513 1628 2546 a.

1499 2515 1562 2639 εἴ).
1595 2573 1874 2640 &plicatio
1910 2589 2025 2621 voc.
2058 2574 2180 2633 Quae
2217 2569 2274 2618 fit
2310 2586 2460 2634 quum

1440 2656 1576 2706 verbi
1611 2671 1804 2703 sensum
1825 2663 2100 2701 scrutemur
2118 2660 2168 2697 et
2193 2651 2463 2712 interroga-

1440 2752 1565 2785 mus.
1585 2737 1662 2783 sic
1687 2735 1859 2784 Cicero
1881 2732 2004 2779 dicit
2023 2745 2194 2777 vocem
2213 2729 2458 2776 consulem

1442 2828 1555 2860 eum
1589 2811 1841 2876 designare
1882 2810 1969 2875 qui
2010 2809 2181 2874 patria
2218 2807 2431 2856 consulit
2452 2843 2466 2866 ,

1442 2891 1557 2940 ideo
1594 2891 1816 2938 Pisonem
1844 2887 2092 2937 consulem
2123 2902 2227 2934 uon
2274 2886 2420 2933 fnisse
2449 2901 2464 2935 :

1442 2971 1580 3035 quod
1601 2969 1840 3034 probatur
1861 2985 1950 3033 per
1974 2965 2348 3030 explicationem
2373 2977 2468 3012 vo-

1444 3047 1625 3098 eubuli.

1517 3129 1566 3176 8.
1593 3125 1819 3191 Auejure
1829 3123 2044 3185 factum,
2059 3120 2348 3186 depellendi.
2377 3121 2463 3169 Sic

1443 3206 1536 3255 Ms
1555 3208 1618 3254 V.
1644 3215 1692 3253 et
1719 3203 1796 3254 ed.
1816 3205 1944 3250 Ven.
1970 3201 2108 3266 quod
2132 3217 2296 3262 verum
2317 3211 2472 3265 puto,

1445 3295 1590 3348 atque
1623 3283 1804 3347 recepi.
1834 3280 2031 3344 Vulgati
2050 3316 2065 3341 ,
2101 3301 2126 3320 e·
2144 3291 2230 3327 aut
2252 3280 2360 3339 iure
2394 3279 2466 3325 sa-

1444 3373 1580 3411 ctum
1602 3361 1878 3427 depellitur,
1909 3368 1993 3406 aut
2017 3357 2154 3406 ule.-
2182 3358 2273 3405 ΜΒ
2299 3357 2356 3405 Ε.
2376 3357 2467 3404 ha-

1444 3443 1527 3490 bet
1557 3442 1844 3506 appelletur.
1881 3441 2011 3487 Eun.
2048 3464 2120 3475 -—
2153 3439 2310 3500 Quem
2353 3435 2469 3484 Sch.

1445 3525 1678 3588 sequitur.
1706 3519 1967 3569 Lambinus
2001 3517 2200 3580 corrigit
2241 3514 2472 3578 defendi-

1450 3613 1546 3662 tur,
1579 3600 1664 3648 sed
1691 3609 1859 3647 contra
1889 3597 2041 3645 libros
2059 3631 2073 3654 ,
2096 3597 2147 3642 in
2175 3594 2353 3657 quibus
2381 3593 2471 3640 de-

1440 3681 1658 3747 pellitur.
1696 3679 1913 3742 Rittorp.
1964 3687 2122 3724 tamen
2157 3685 2204 3721 et
2243 3672 2346 3721 Pal.
2392 3688 2472 3736 pr.

1448 3759 1630 3809 habent
1669 3757 1948 3821 depelletur,
1989 3753 2112 3802 alter
2158 3749 2434 3815 depellendi
2456 3766 2475 3796 .·

1450 3851 1508 3888 ut
1556 3837 1674 3886 mihi
1734 3834 1993 3884 verisimile
2039 3834 2102 3880 eit
2155 3841 2308 3880 totam
2365 3845 2472 3876 eam

1451 3934 1622 3968 vocem
1649 3933 1750 3965 eene
1794 3933 1822 3962 a
1867 3930 2011 3962 manu
2048 3911 2345 3968 scribarum,
2382 3909 2469 3973 qui

1455 3997 1656 4046 verbum
1677 3993 1876 4059 aliquoil
1898 3993 1980 4040 hic
2004 3990 2187 4055 requiri
2205 3987 2443 4053 putabant
2455 4021 2473 4048 ,

1454 4074 1592 4142 quod
1630 4073 1754 4123 belle
1787 4071 2108 4122 nihilomiuus
2139 4067 2472 4134 subintellige-

1458 4166 1552 4204 tur.
1587 4155 1756 4204 Gen-r.
