2982 4682
777 342 903 408 DE
948 343 1542 428 INVENTIONE,
1587 337 1856 418 LIBER
1903 349 2011 432 11,
2054 373 2166 416 20.
2387 352 2528 438 435

412 465 527 536 cio
540 454 601 552 3,
637 465 795 556 ejus
836 461 1198 551 maleficii,
1236 463 1328 536 de
1385 489 1536 563 quo
1589 467 1779 539 inter
1824 467 2112 540 sicarios
2149 461 2532 568 quaeritur,

414 572 907 668 praejudicimn
940 570 1097 644 fieri
1114 603 1169 646 ».
1194 617 1291 630 —-
1314 575 1714 648 Infirmatio
1737 577 2074 664 rationis,
2109 609 2142 644 α
2165 582 2528 675 Ejusmodi

412 698 584 754 sunt
622 681 924 777 injuriae,
960 698 1041 756 ut
1077 682 1167 756 de
1205 683 1315 758 his
1349 685 1730 782 indignum
1759 689 1849 755 sit
1884 711 2032 758 non
2068 689 2304 783 primo
2342 718 2528 791 quo-

410 816 557 889 que
588 803 919 890 tempore
950 790 1323 885 judicari».
1366 835 1458 852 --
1484 798 1523 863 J
1526 793 1840 865 udioatio
1859 847 1879 880 ‚
1907 823 1941 860 α
1969 797 2362 870 Atrocitas
2345 803 2532 896 mju7

412 903 677 975 riarum
707 903 967 975 satisne
996 925 1219 976 causae
1251 905 1377 988 sit,
1410 927 1666 1000 quare,
1703 901 1876 974 dum
1913 903 2004 976 de
2033 929 2116 976 ea
2141 905 2530 1001 judicetur,

414 1010 503 1084 de
538 1012 787 1109 aliquo
822 1013 1091 1106 majore
1120 1013 1510 1100 maleficio,
1549 1012 1642 1084 de
1680 1037 1832 1110 quo
1859 1011 2214 1108 judicium
2250 1040 2534 1115 compa·

410 1135 645 1196 ratum
678 1123 801 1210 sit,
856 1121 1358 1219 praejudicetur
1382 1153 1439 1194 ιο.
1486 1127 1726 1220 Atque
1769 1124 2182 1222 exemplum
2235 1126 2530 1223 quidem

413 1228 553 1300 hoc
586 1245 711 1304 est.
738 1229 917 1327 (xx.)
948 1235 1035 1310 In
1073 1234 1275 1304 omni
1304 1235 1550 1304 autem
1588 1255 1800 1304 causa
1827 1231 1918 1304 ab
1945 1248 2262 1332 utroque
2303 1239 2530 1333 quaeri

410 1339 775 1437 oportebit
796 1391 815 1426 ‚
852 1365 893 1412 a
938 1364 1091 1438 quo
1113 1393 1131 1428 ,
1172 1356 1245 1416 et
1286 1366 1417 1439 per
1450 1364 1678 1439 quos,
1713 1354 1788 1412 et
1823 1344 2230 1438 quomodo,
2270 1359 2343 1420 et
2385 1371 2537 1443 quo

411 1464 739 1546 tempore
775 1464 901 1524 aut
936 1451 1081 1548 agi,
1136 1465 1264 1526 aut
1294 1449 1636 1546 judicari,
1671 1464 1796 1522 aut
1842 1449 2022 1548 quid
2072 1458 2286 1524 statui
2320 1453 2410 1532 de
2455 1478 2538 1530 ea

412 1583 490 1632 re
526 1560 931 1634 conveniat.

507 1667 591 1742 ld
625 1694 711 1741 ex
748 1667 1069 1764 partibus
1085 1669 1271 1763 juris
1290 1723 1311 1760 ,
1352 1669 1442 1740 de
1467 1652 1736 1766 quibus
1763 1681 1930 1764 post
1949 1667 2332 1744 dicendum
2356 1671 2388 1730 4
2409 1688 2540 1758 est,

410 1780 597 1850 sumi
626 1777 1020 1882 oportebit,
1050 1793 1123 1850 et
1154 1779 1596 1864 ratiocinari,
1625 1776 1804 1874 quid
1832 1778 1910 1850 in
1937 1779 2286 1852 similibus
2317 1781 2535 1857 rebus

408 1885 569 1961 fieri
610 1886 831 1960 soleat
854 1943 875 1974 ,
918 1902 991 1960 et
1038 1885 1279 1960 videre
1298 1941 1319 1976 ,
1372 1901 1618 1958 utrum
1663 1885 1926 1958 m‘alitia
1969 1887 2158 1960 aliud
2177 1887 2206 1932 ⁵
2251 1906 2540 1987 agatur,

409 1997 604 2070 aliud
638 1995 1045 2084 simuletur,
1081 2021 1175 2068 an
1212 1996 1558 2080 stultitia,
1597 2019 1690 2066 an
1727 1995 2295 2085 necessitudine,
2337 2001 2540 2096 quod

410 2103 553 2177 alio
592 2087 815 2179 modo
846 2108 961 2203 agi
996 2131 1148 2176 non
1178 2106 1447 2204 possit,
1484 2129 1578 2176 an
1607 2105 1982 2179 occasione
2015 2107 2275 2202 agendi
2313 2111 2414 2180 sic
2449 2114 2542 2182 sit

399 2213 757 2310 judicium
804 2229 927 2290 aut
970 2217 1157 2288 actio
1212 2219 1641 2304 constituta,
1691 2238 1783 2290 an
1831 2228 2024 2288 recte
2079 2217 2231 2286 sine
2286 2217 2427 2293 ulla
2463 2245 2542 2292 re

408 2324 766 2419 ejusmodi
792 2350 905 2397 res
939 2321 1253 2421 agaturss.
1294 2329 1531 2396 Locus
1567 2338 1806 2395 autern
1849 2326 2254 2395 communis
2292 2341 2538 2399 contra

412 2456 612 2519 eum,
656 2436 785 2532 qui
822 2436 1360 2508 translationem
1404 2434 1737 2535 inducet,
1779 2433 2026 2533 fugere
2061 2434 2410 2529 judicium
2455 2462 2537 2509 ac

412 2568 741 2641 poenam,
784 2546 954 2643 quia
990 2570 1217 2619 causae
1253 2542 1554 2617 diffidat.
1595 2548 1656 2617 A
1695 2544 2212 2617 translatione7
2250 2558 2490 2617 autem
2514 2602 2533 2635 ,

404 2788 595 2853 equite,
614 2790 755 2852 cujus
778 2807 973 2841 manum
994 2790 1282 2839 absciderat.
1300 2795 1366 2841 Η.
1382 2808 1425 2839 e.

404 2866 717 2931 repetebatur
750 2870 813 2917 ab
838 2886 899 2917 eo
933 2881 1062 2918 certa
1088 2870 1251 2935 aliqua
1276 2886 1426 2935 pecu-

406 2948 514 3005 nia,
547 2947 599 2992 in
628 2947 772 2995 mate
800 2949 1019 3009 injuriae,
1044 2966 1216 2999 manua
1239 2948 1427 2997 seilicet

404 3024 629 3073 nbaeioeae
643 3016 1009 3089 reparationem.
1020 3028 1251 3075 Damnari
1266 3040 1423 3076 nutem

404 3106 458 3153 in
478 3104 577 3153 hoe
599 3105 959 3167 recuperatorio
984 3105 1173 3165 judicio
1202 3121 1304 3154 uon
1328 3122 1425 3169 po-

406 3194 555 3247 terat,
576 3184 697 3249 quin
713 3182 857 3230 simul
882 3193 1054 3231 auctor
1074 3183 1221 3231 illatae
1240 3185 1426 3233 violeu-

406 3262 486 3310 tiae
508 3272 869 3328 agnoooeretum
893 3273 943 3311 et
964 3262 1032 3310 ita
1058 3263 1335 3311 manifestus
1355 3264 1427 3311 rei

404 3342 625 3406 capitali·
652 3353 765 3391 anto
786 3340 990 3407 capitale
1002 3342 1243 3403 judicium
1268 3336 1421 3389 fieret.

404 3418 566 3483 Rogat
600 3420 707 3480 ine,
742 3435 805 3468 ne
854 3419 949 3467 tale
986 3418 1324 3485 prejudicium
1368 3420 1422 3467 in

404 3511 457 3545 σο
472 3494 583 3559 flat,
608 3512 659 3549 et
677 3500 887 3562 postulat
902 3517 929 3548 a
950 3511 1161 3565 pretore
1178 3499 1423 3563 exceptio-

406 3589 515 3621 nem
562 3576 739 3625 talibus
784 3578 1061 3627 actionibus
1096 3596 1123 3627 a
1167 3578 1273 3641 lege
1314 3578 1420 3643 ipa·

404 3653 715 3702 constitutam
742 3656 820 3705 his
848 3656 1007 3705 verbis
1030 3671 1045 3704 :
1069 3679 1093 3699 e·
1112 3668 1250 3705 extra
1274 3674 1421 3723 quam

404 3731 457 3779 in
476 3747 611 3780 reum
630 3734 801 3797 capitis
816 3736 1153 3798 praejudicium
1170 3734 1257 3785 fiat
1270 3739 1312 3785 υἱ

478 3810 526 3857 3.
558 3812 617 3857 In
646 3812 998 3873 recuperatorio
1020 3813 1227 3879 judicio.
1258 3818 1420 3863 Recu-

403 3889 701 3953 peratorium
712 3888 953 3951 judicium
972 3904 1071 3953 eut,
1098 3894 1155 3940 iu
1170 3908 1271 3957 quo
1284 3894 1421 3955 judi-

403 3982 483 4015 ooe
506 3964 687 4015 dantur
710 3968 902 4031 injurii·
927 3971 1333 4037 atimandia,qui
1352 3988 1425 4019 re-

402 4056 715 4109 cuperatum
742 4045 863 4094 dicti
889 4058 1017 4096 nunt.
1036 4051 1150 4097 Seu.

1591 2798 1640 2845 4.
1679 2790 1754 2837 De
1793 2784 1962 2853 quibus
1993 2799 2110 2852 pose
2152 2786 2412 2841 dicendum
2452 2803 2537 2839 esc.

1516 2866 1638 2914 Inde
1661 2882 1690 2915 a
1714 2882 1821 2930 cap.
1845 2867 1908 2913 23
1922 2899 1935 2914 .

1589 2946 1634 2993 5.
1659 2946 1826 2991 Uerum
1851 2943 2036 2992 malitia
2059 2942 2203 2993 aliud
2222 2956 2420 3009 agatur.
2444 2948 2539 2995 De-

1513 3021 1608 3073 levi
1637 3022 1758 3093 quid
1785 3033 1894 3069 ante
1917 3021 2073 3070 atiud
2099 3038 2126 3070 e
2161 3024 2285 3071 MSS
2319 3024 2533 3077 duobus.

1513 3100 1677 3149 Schol-
1713 3102 1812 3149 Gu.
1852 3117 1880 3149 a
1926 3102 2108 3165 pariter
2143 3102 2351 3165 omittit,
2386 3116 2436 3153 et
2463 3106 2534 3154 sie

1513 3179 1574 3228 de
1597 3180 1905 3229 simulatlone
1937 3180 2157 3247 loquitur
2181 3182 2371 3232 Cicero.
2397 3186 2530 3235 Eur.

1511 3284 1584 3295 —-
1598 3261 1756 3322 Quem
1774 3259 1954 3324 probat
1973 3258 2170 3309 Sohi‘nz.
2183 3288 2243 3299 -
2273 3260 2373 3313 Ubi
2394 3262 2531 3313 aliud

1511 3338 1683 3402 agitur,
1716 3338 1850 3388 aliud
1875 3340 2146 3399 simulatur,
2174 3341 2246 3389 ibi
2279 3353 2352 3389 eet
2389 3344 2532 3395 dolm

1509 3416 1690 3479 malua,
1720 3416 1980 3467 definiente
2001 3420 2202 3485 Aquilio
2229 3420 2360 3486 apud
2388 3423 2528 3473 Cice·

1511 3498 1645 3545 ronia
1668 3496 1815 3547 effic.
1843 3500 1917 3545 111
1937 3532 1952 3556 ,
1997 3508 2076 3555 ιι.
2105 3500 2183 3548 cf.
2211 3499 2275 3547 ad
2311 3502 2528 3549 Hei-eno.

1509 3579 1587 3637 11,
1617 3588 1696 3633 ιι.
1719 3578 1891 3625 Wm

1581 3656 1632 3702 6.
1667 3654 1924 3724 Ejusmodi
1943 3671 2017 3701 res
2042 3666 2236 3724 agatur.
2270 3654 2528 3705 Sohfitziu·

1509 3734 1638 3783 delet
1664 3750 1760 3791 ms,
1789 3734 1902 3798 quin
1925 3734 2032 3793 hic,
2071 3736 2158 3782 ubi
2185 3734 2437 3797 queritur,
2463 3752 2526 3783 an

1508 3812 1778 3877 aliquisita
1817 3824 1870 3861 ut
1909 3823 2105 3877 oportet
2147 3811 2329 3877 egerit,
2368 3814 2530 3876 aptius
2623 3846 2628 3851 -

1510 3903 1612 3940 erat
1635 3889 1804 3959 agitur
1827 3890 2046 3939 absolute
2069 3890 2206 3955 poni.

1589 3990 1638 4033 ¹7.
1679 3976 1724 4019 A
1754 3970 2076 4019 translatione
2099 3981 2291 4026 autem,
2322 3971 2533 4021 omnium

1499 4050 1650 4113 sore,
1695 4061 1792 4099 etc.
1833 4049 1940 4099 Erit
1964 4047 2102 4097 locus
2138 4052 2409 4099 communis
2443 4070 2535 4117 pro

2230 4136 2340 4206 28.
