2982 4682
487 369 629 442 336
1168 363 1263 431 Μ.
1308 363 1387 428 Τ.
1452 359 1941 430 CICERONIS

493 493 565 564 Si
602 511 855 562 avarus
888 499 997 556 est
1014 475 1074 570 ⁸,
1111 481 1406 578 negligit
1438 476 1944 575 jusjurandum
1973 505 2027 545 υ.
2075 480 2157 544 In
2205 499 2295 546 eo
2335 489 2613 566 autem,

492 599 694 700 quod
734 600 811 668 in
846 596 1191 692 opinione
1234 591 1553 689 positum
1594 603 1739 674 est,
1777 584 2193 681 hujusmodi
2239 585 2409 658 sunt
2447 611 2618 685 pro-

492 711 758 784 babilia
785 738 800 780 :
828 737 861 774 α
885 705 1135 804 Impiis
1154 700 1347 801 apud
1380 697 1649 770 infer-os
1678 721 1930 797 poenas
1959 707 2147 768 esse9
2169 711 2616 794 praeparatas.

495 829 634 894 Eos
650 877 669 908 ,
692 823 815 916 qui
843 812 1313 917 philosophiae
1340 811 1518 882 dent
1543 829 1842 907 operam
1861 859 1881 896 ,
1905 831 2056 876 non
2083 804 2419 877 arbitrari
2447 806 2622 880 deos

494 959 646 1006 esse
676 963 729 1001 >›.
2667 912 2680 922 ’

597 1044 819 1114 XXX.
862 1031 1271 1110 Similitudo
1290 1042 1311 1076 ¹
1352 1043 1594 1116 autem
1637 1029 1714 1099 in
1751 1027 2128 1098 contrariis
2175 1042 2250 1098 et
2293 1027 2620 1126 paribus,

502 1170 576 1226 et
612 1154 689 1222 in
737 1153 821 1221 iis
852 1147 1105 1230 rebuS,
1139 1167 1299 1239 quae
1330 1137 1469 1212 sub
1517 1137 1842 1217 eamdem
1879 1135 2192 1207 cadunt²
2237 1139 2622 1225 rationem,

499 1264 807 1336 maxime
839 1269 1222 1356 spectatur.
1258 1257 1343 1322 In
1378 1249 1786 1337 contrariis,
1823 1246 1962 1318 hoc
1993 1246 2214 1318 modo
2245 1273 2260 1317 ε
2289 1277 2324 1313 α
2347 1250 2529 1318 Nam
2563 1251 2620 1318 si

499 1377 613 1461 iis,
655 1375 784 1470 qui
824 1366 1313 1467 imprudentes
1358 1358 1730 1442 laeserunt,
1775 1359 2051 1454 ignosci
2084 1358 2465 1444 convenit,
2507 1358 2624 1443 iis,

504 1488 630 1582 qui
658 1481 1057 1554 necessario
1090 1459 1589 1574 profuerunt&
1617 1465 1868 1538 haberi
1899 1468 2197 1564 gratiam
2234 1491 2386 1536 non
2417 1489 2627 1563 opor-

504 1609 609 1667 tet
626 1623 681 1663 ».
713 1597 813 1662 Ex
850 1589 1035 1688 pari,
1064 1587 1197 1657 sic:
1226 1611 1261 1648 α
1284 1583 1465 1654 Nam
1498 1593 1580 1648 ut
1607 1577 1810 1652 locus
1831 1579 1984 1650 sine
2015 1578 2297 1677 portu4,
2325 1576 2628 1648 navibus

507 1728 659 1778 esse
706 1727 857 1772 non
907 1711 1143 1797 potest
1180 1689 1424 1776 tutus3
1477 1690 1579 1759 sic
1615 1691 1898 1759 animus
1932 1692 2084 1759 sine
2123 1685 2308 1774 fide,
2359 1684 2628 1757 stabilis

510 1814 752 1886 amicis
780 1836 929 1882 non
953 1820 1193 1907 potest
1223 1826 1443 1874 esse».
1474 1801 1558 1868 In
1577 1797 1660 1868 iis
1685 1795 1939 1885 rebus,
1958 1821 2117 1894 quae
2136 1795 2276 1866 sub
2303 1793 2628 1866 eamdem
2647 1801 2662 1814 “

509 1925 861 1996 rationem
904 1917 1175 1990 cadunt
1200 1969 1220 2002 ,
1256 1912 1398 1983 hoc
1436 1907 1656 1980 modo
1687 1907 2062 2006 probabile
2093 1905 2626 1978 consideratur:

506 2067 541 2101 α
568 2035 751 2104 Nam
790 2033 849 2101 si
888 2025 1187 2102 Rhodiis
1220 2038 1431 2120 turpe
1459 2043 1613 2090 non
1657 2033 1764 2090 est
1793 2018 2194 2115 portorium
2223 2017 2460 2088 locare
2481 2069 2500 2098 ‚
2536 2040 2630 2086 ne

510 2142 1051 2221 Hermacreonti
1074 2127 1103 2180 5
1160 2133 1457 2232 quidem
1509 2143 1724 2224 turpe
1769 2144 1880 2202 est
1937 2127 2344 2199 conducere
2370 2155 2424 2197 n.
2470 2129 2634 2196 Haec

512 2277 669 2332 tum
692 2279 858 2328 vera
876 2263 1084 2337 sunt,
1116 2246 1259 2316 hoc
1284 2255 1496 2343 pacto
1517 2265 1533 2308 ε
1551 2267 1586 2305 ιι
1609 2240 1968 2327 Quoniam
1995 2238 2288 2321 cicatrix
2319 2249 2428 2308 est
2451 2289 2472 2324 ,
2498 2233 2634 2326 fuit

585 2446 633 2493 8.
654 2440 713 2491 Si
733 2454 912 2487 avarus
942 2446 1031 2483 esc.
1057 2435 1145 2480 Est
1178 2427 1362 2477 omittit
1379 2427 1527 2472 Voss.
1615 2424 1702 2472 ubi
1724 2422 1992 2483 similitudo
2011 2432 2084 2471 est
2099 2423 2284 2487 species
2303 2418 2633 2469 exornationis

518 2541 539 2579 ‚1
559 2560 574 2583 ,
599 2522 748 2587 idque
770 2518 930 2583 placet
946 2508 1265 2573 Oudendorp.
1284 2508 1336 2555 si
1361 2502 1531 2552 eadem
1617 2506 1977 2551 sententiarum.

512 2611 637 2651 «μοι
656 2611 893 2664 persona,
922 2592 981 2639 de
1004 2606 1099 2654 qua
1124 2587 1289 2652 priore
1310 2581 1530 2631 membro
1691 2590 1742 2639 4.
1769 2584 1924 2631 Locus
1944 2582 2045 2629 sine
2057 2592 2221 2646 portu.
2249 2577 2446 2629 Schiitz.
2463 2578 2636 2628 «locus

516 2679 793 2735 dicebatur,
824 2672 945 2721 mihi
985 2684 1182 2735 quoque
1214 2664 1453 2730 placerem
1476 2670 1533 2709 ut
1619 2663 1672 2710 in
1693 2662 1814 2711 mari
1831 2663 1936 2710 sine
1955 2678 2042 2727 p.»
2063 2671 2260 2709 auctore
2279 2658 2514 2708 Oudend.
2536 2657 2634 2707 fide

515 2776 645 2809 nuuc
668 2768 766 2813 est,
784 2752 987 2802 verbum
1008 2747 1160 2813 repeti
1178 2754 1389 2809 praestat.
1414 2742 1532 2790 Sca.

586 2855 637 2901 9.
660 2838 777 2885 Esse
788 2840 1113 2899 proeparatas.
1140 2828 1291 2874 Grev.
1310 2832 1534 2887 pameas,

516 2917 833 2982 sequiturque
870 2907 1193 2959 Gulielmius:
1218 2903 1423 2951 aiterum
1460 2916 1534 2949 re-

516 3008 613 3045 stat
638 2996 687 3043 iu
724 2992 845 3041 Pall.
877 2987 1104 3039 omuibus
1143 2982 1535 3045 editionibusque

516 3074 734 3125 exoletis.
748 3073 915 3119 Gnur.
933 3094 1003 3105 -—
1016 3062 1209 3114 sohiitz.
1229 3062 1311 3111 dat
1324 3071 1536 3126 paratas

515 3174 545 3203 e
562 3158 709 3201 Voss.
738 3167 759 3199 1
774 3184 791 3207 ,
808 3146 945 3199 Leid.
973 3162 1025 3206 1,
1046 3148 1103 3203 3,
1130 3154 1189 3191 ut
1202 3142 1469 3205 elegantius
1486 3148 1536 3187 et

511 3235 613 3295 iam
634 3228 865 3281 Oudend.
891 3225 1165 3292 probatum.

584 3312 757 3360 XXX.
789 3324 830 3356 1.
852 3302 1121 3353 Similitudo
1151 3313 1314 3350 autem
1338 3297 1389 3346 in
1416 3314 1535 3344 eon·

516 3390 679 3440 erariis
710 3398 757 3435 et
780 3386 1010 3452 paribus,
1044 3393 1138 3429 etc.
1176 3380 1257 3427 Ab
1292 3376 1387 3425 bac
1428 3392 1538 3439 quae

520 3471 761 3519 ducantur
799 3474 1081 3529 argumenta
1134 3455 1349 3506 ostendit
1390 3455 1537 3503 etiam

516 3554 646 3615 Top.
668 3550 717 3596 3.
741 3546 819 3595 Cf.
838 3543 1079 3607 Quint.V,
1104 3555 1165 3587 10
1182 3572 1196 3597 ,
1214 3535 1301 3601 qui
1317 3546 1538 3583 nostrum

516 3630 681 3679 locum
706 3626 865 3675 affert.
886 3625 1061 3671 Wart-

592 3726 639 3757 α.
668 3710 793 3771 Qua·
817 3704 907 3752 sub
927 3698 1147 3749 eamdem
1169 3696 1359 3745 eadunt
1384 3696 1539 3745 meio·

519 3806 647 3839 nem.
682 3788 723 3833 1.
762 3800 807 3841 e.
848 3792 957 3845 quae
998 3794 1063 3827 ex
1088 3775 1260 3827 eodem
1292 3775 1540 3840 principio

518 3866 756 3916 defluunt.

587 3953 637 3996 3.
670 3941 769 4005 Qui
793 3934 1061 3989 necessario
1086 3935 1391 3997 profiter-emt.
1420 3936 1461 3981 1.
1486 3950 1532 3983 e.

515 4040 617 4073 non
634 4029 811 4084 sponte
830 4028 881 4065 et
900 4016 1173 4069 voluntate,
1199 4012 1285 4061 sed
1308 4011 1467 4061 coacti
1484 4022 1534 4059 et

517 4097 805 4149 necessario.
836 4096 909 4141 De
944 4110 994 4141 re
1018 4094 1149 4141 eous.
1174 4094 1289 4141 Her.
1328 4092 1419 4152 IV,
1436 4092 1534 4151 66,

1621 2740 1737 2791 cod.
1753 2744 1904 2791 Voss.
1929 2755 1952 2790 1
1971 2777 1988 2803 ,
2006 2739 2143 2789 Leid.
2160 2754 2190 2787 a
2203 2777 2219 2801 ,
2237 2738 2265 2787 ³
2284 2773 2301 2798 ,
2317 2738 2558 2787 Victoria.
2586 2748 2636 2785 et

1623 2820 1739 2869 edd.
1758 2830 1874 2869 vett.
1909 2818 2160 2867 Manutius
2179 2828 2228 2865 et
2247 2817 2510 2866 Lambinus
2533 2816 2634 2877 eje·

1621 2911 1788 2949 cecant
1808 2898 1958 2949 codd.
1974 2914 2171 2947 snorum
2193 2897 2479 2945 auctoritate
2492 2929 2510 2955 ‚
2527 2894 2636 2959 qui-

1621 2980 1826 3027 buscum
1874 2978 2060 3026 faciunt
2115 2975 2246 3024 [aeid.
2288 2991 2309 3022 1
2323 3010 2338 3033 ,
2388 2978 2533 3023 Voss.
2582 2989 2635 3022 a.

1623 3086 1688 3097 -
1708 3058 1766 3106 In
1789 3058 1914 3106 niori
1935 3057 2161 3106 Ernestio
2185 3055 2498 3119 displicuerat
2531 3064 2635 3100 tum

1623 3148 1772 3203 prout
1796 3137 1860 3186 ad
1885 3152 2080 3186 sensum
2118 3133 2316 3194 inutile,
2357 3144 2462 3182 tum
2497 3130 2638 3197 quod

1533 3240 1540 3249 ·
1623 3218 1850 3267 turbabat
1905 3215 2226 3281 equalitatem
2277 3212 2602 3263 membrorum
2619 3225 2636 3259 z

1625 3320 1650 3340 σι
1665 3299 1801 3345 locus
1817 3298 1922 3345 siue
1949 3307 2098 3360 portu
2112 3330 2127 3353 ‚
2153 3294 2340 3342 animus
2359 3294 2462 3341 sine
2479 3290 2576 3339 fide
2593 3312 2635 3335 a.

1699 3378 1745 3426 5.
1775 3374 2152 3427 Hermocreonti.
2179 3376 2288 3421 Boe
2313 3388 2493 3421 nomen
2512 3386 2541 3418 a
2559 3370 2639 3419 Ci—

1625 3472 1802 3505 cerone
1823 3454 2058 3519 seriptum
2083 3470 2218 3514 esse,
2245 3451 2538 3515 Quintiliani
2551 3464 2636 3499 su·

1625 3536 1822 3584 etot-itas
1841 3532 2098 3583 confimat
2114 3535 2178 3591 V,
2217 3524 2309 3591 ω’,
2331 3531 2398 3592 78
2418 3566 2435 3593 ,
2455 3540 2503 3577 et
2519 3544 2640 3577 vana

1625 3624 1698 3663 est
1732 3613 2062 3663 Naseimbsuii
2101 3612 2414 3673 conjectura,
2457 3610 2546 3673 qui
2571 3607 2642 3655 le·

1627 3694 1838 3759 gendum
1869 3703 2012 3757 putat
2039 3689 2374 3749 Diomedonti,
2399 3688 2538 3753 quasi
2557 3687 2642 3735 Ci-

1629 3790 1744 3822 eero
1783 3771 2074 3835 respexisset
2121 3770 2184 3817 ad
2235 3770 2398 3817 locum
2437 3766 2641 3815 similem

1628 3852 1782 3901 Arist.
1799 3851 1945 3899 Rhet.
1963 3851 2042 3908 11,
2069 3850 2132 3897 25
2155 3863 2168 3895 :
2189 3834 2250 3904 ὸς
2279 3848 2302 3897 ὁ
2330 3844 2530 3901 τιλώνης
2547 3848 2644 3892 Aie-
2699 3858 2708 3865 ·

1623 3926 1786 3997 μέδων
1821 3925 1928 3997 περὶ
1967 3932 2058 3977 τῶν
2095 3932 2241 3977 τιλῶν
2271 3944 2282 3955 ·
2319 3926 2360 3977 εἰ
2389 3922 2484 3995 γὰρ
2523 3916 2642 3990 μηδ’

1621 4010 1727 4077 ὑμῖν
1755 4006 1951 4076 αἰσχρὸν
1978 4006 2034 4057 τὸ
2075 4007 2248 4057 πωλεῖν
2261 4042 2276 4069 ,
2315 4000 2429 4055 οὐδὲ
2455 4002 2562 4069 ἡμῖν
2589 4000 2644 4051 τὸ

1624 4088 1856 4140 ὠνεῖσθαι.
1883 4091 1998 4139 Sca.
