2982 4682
498 413 638 484 380
1164 417 1259 484 M.
1308 421 1386 486 T.
1436 419 1930 493 CICERONIS

596 542 837 633 Atque
870 539 946 606 in
984 535 1095 606 his
1144 540 1538 634 generibus
1575 544 1696 639 (ut
1759 561 1930 617 ante
1967 528 2243 616 dictum
2283 549 2438 644 est)
2477 565 2632 622 tum

504 663 661 718 tuas
710 649 1368 742 argumentationes
1410 654 1717 725 transire
1765 658 2186 752 separatim;
2245 670 2402 727 tum
2445 658 2632 748 idn,

510 763 709 862 quod
763 761 1219 837 artificiosius
1272 783 1416 856 est,
1447 771 1640 840 'cum
1701 765 1844 834 tuis
1889 767 2280 836 contrarias
2319 769 2630 862 conjun-

504 897 708 970 gere3
741 889 813 944 et
849 899 1076 972 quum
1115 891 1316 948 tuam
1354 875 2051 976 argumentationem
2091 874 2392 965 dixeris,
2437 892 2630 967 tum,

506 999 759 1058 contra
792 1009 946 1056 eam
988 979 1189 1083 q‘uod
1232 986 1709 1073 afferebatur,
1765 983 2382 1087 quemadmodum
2411 986 2636 1058 dilue-

509 1096 639 1182 ris‚
678 1095 1080 1168 ostendere.
1116 1101 1225 1168 lta
1260 1123 1393 1196 per
1424 1097 1718 1169 brevem
1766 1097 2414 1204 comparationem,
2437 1096 2634 1167 audi-

508 1205 682 1274 toris
720 1206 1175 1277 memoriaet
1210 1205 1299 1277 de
1338 1207 1928 1292 confirmatione,
1977 1219 2048 1275 et
2097 1204 2190 1275 de
2233 1205 2632 1303 reprehen-

506 1313 1372 1411 sioneredintegrabitur.
1408 1322 1650 1413 Atque
1683 1313 1836 1386 hoec
1861 1313 2016 1385 aliis
2044 1315 2417 1385 actionis¹²
2447 1340 2632 1411 quo-

508 1447 652 1520 que
696 1421 929 1494 modis
964 1425 1235 1496 variare
1272 1425 1659 1524 oportebit.
1703 1429 1886 1498 Nam
1927 1429 2160 1520 q'uum
2187 1449 2276 1494 ex
2310 1439 2434 1495 tua
2467 1449 2632 1522 per-

508 1557 687 1602 sona
714 1557 1139 1606 enumerare
1168 1539 1429 1634 possiS,
1460 1550 1576 1624 ut,
1603 1534 1780 1634 quid
1800 1587 1819 1622 ,
1845 1549 1914 1606 et
1945 1559 2096 1631 quo
2117 1532 2445 1632 quidque
2473 1534 2634 1606 loco

511 1640 808 1730 dixeri5‚
842 1642 1269 1730 admoneas;
1318 1659 1471 1716 tum
1509 1669 1680 1742 vero
1719 1669 2102 1744 personam
2147 1659 2274 1716 aut
2323 1669 2476 1716 rem
2515 1645 2636 1715 ali·

510 1776 729 1847 quam
756 1753 1117 1844 inducere,
1140 1770 1209 1826 et
1226 1759 1846 1827 enumerationem
1875 1756 1942 1827 ei
1958 1769 2186 1826 totam
2217 1753 2631 1826 attribuere.

512 1865 903 1934 Personam
951 1863 1093 1936 hoc
1122 1865 1346 1938 modo
1386 1894 1403 1936 ε
1446 1895 1481 1929 «
1503 1870 1684 1938 Nam
1713 1867 1772 1936 si
1795 1861 1856 1908 ¹³
1888 1864 2064 1961 legis
2107 1865 2416 1960 scriptor
2455 1866 2636 1936 exsi-

509 1987 683 2058 stat,
732 1989 803 2044 et
831 1990 1103 2073 quaerat
1141 2001 1182 2048 a
1216 1975 1459 2064 vobis,
1497 1974 1676 2073 quid
1714 1973 2095 2054 dubitetis;
2136 1974 2315 2073 quid
2349 1978 2637 2072 possitis

509 2083 750 2156 dicere
772 2137 791 2165 ‚
843 2110 1073 2184 quum
1112 2085 1317 2157 vobis
1356 2087 1498 2158 hoc
1535 2101 1607 2157 et
1641 2086 1781 2157 hoc
1819 2089 1910 2157 sit
1952 2085 2521 2174 demonstratum
2549 2087 2636 2156 Ρ»

508 2199 745 2291 Atque
784 2195 931 2278 hic,
968 2198 1138 2268 item
1170 2195 1251 2268 ut
1283 2201 1359 2268 in
1398 2211 1645 2268 nostra
1690 2194 2121 2294 per-sonitui,
2175 2193 2636 2278 licebitalias

504 2305 912 2403 singillatim
950 2308 1253 2379 transire
1294 2331 1548 2379 omnes
1584 2303 2282 2404 argumeiitatione5‚
2335 2305 2505 2376 alias
2545 2305 2637 2375 ad

510 2417 929 2513 partitiones
974 2417 1252 2513 singula
1282 2442 1544 2513 genera
1573 2414 1873 2504 referre,
1909 2417 2077 2487 alias
2121 2414 2212 2487 ab
2262 2415 2592 2487 auditore
2617 2469 2636 2496 ,

508 2526 687 2623 quid
714 2526 1102 2615 desideret,
1132 2552 1487 2624 quaerere,
1525 2527 1694 2599 alias
1724 2526 1872 2597 haec
1908 2526 2140 2597 facere
2172 2550 2304 2625 per
2346 2550 2635 2624 compa·

512 2637 871 2707 rationem
900 2660 1191 2708 suarum
1232 2651 1304 2708 et
1340 2638 1863 2708 contrariarum
1903 2638 2631 2733 argumentationum.

1611 2814 1868 2878 legendum
1896 2824 2040 2879 putat
2063 2830 2078 2861 ε
2105 2804 2400 2877 «Numquid
2435 2812 2480 2860 si
2516 2812 2634 2875 legis

1612 2894 1822 2958 scriptor
1847 2894 2072 2953 exsistat,
2105 2904 2157 2941 et
2183 2902 2370 2957 querat
2391 2892 2433 2939 si
2459 2891 2583 2955 quid
2605 2904 2635 2937 ι

506 2810 715 2876 Vulgata
742 2828 755 2863 t
794 2834 821 2857 αι
839 2816 1111 2863 Docuimus
1132 2812 1263 2874 hoc,
1299 2814 1425 2863 illud
1451 2814 1524 2879 pl.

506 2893 599 2941 sec.
618 2914 645 2935 ιι
683 2894 852 2944 Gnur.
897 2920 967 2932 ·--
1018 2897 1137 2943 Hac
1174 2905 1335 2942 autem
1376 2894 1526 2942 verba

458 2962 468 2970 ⁸
507 2972 763 3035 glossatori
799 2974 962 3021 debita
1001 2970 1201 3023 Schiitz.
1242 2974 1527 3025 arbitratur.

504 3050 681 3099 Cicero
694 3086 707 3112 ,
726 3053 911 3115 inquit,
932 3052 1247 3115 quoerendum
1264 3068 1369 3100 esse
1390 3052 1528 3100 dixe·

508 3139 583 3176 rut
617 3130 681 3177 ab
720 3130 803 3190 iis,
840 3131 926 3192 qui
953 3130 1208 3190 audirent,
1238 3131 1361 3194 quid
1400 3142 1528 3179 esset

506 3208 645 3271 quod
690 3208 783 3255 sibi
834 3209 1039 3274 amplius
1092 3210 1274 3258 vellent
1322 3210 1524 3258 demon-

510 3288 681 3346 σεται-ἐς
728 3289 979 3351 quomodo
1024 3290 1176 3353 igitur
1221 3288 1489 3353 quadrabat
1509 3320 1526 3347 ,

508 3366 783 3429 exemplum
804 3382 909 3415 nou
928 3370 1243 3431 quaestionis,
1265 3368 1352 3416 sed
1374 3384 1526 3415 enun-

506 3446 723 3494 tiationis
740 3449 955 3511 ponere?
980 3449 1098 3496 Sca.

584 3540 603 3571 1
620 3542 665 3573 ι.
701 3528 821 3573 Tum
858 3527 937 3585 r'd,
976 3526 1129 3591 quod.
1168 3526 1285 3573 Seh.
1324 3524 1522 3575 damnat

504 3606 635 3653 hanc
690 3605 1134 3671 interpunctionem
1153 3639 1167 3665 ‚
1220 3604 1522 3669 distinguens

506 3710 531 3729 .-
552 3696 683 3745 tum‚
712 3685 765 3732 id
790 3684 927 3749 quod
946 3708 997 3743 n,
1024 3696 1080 3732 ut
1102 3700 1263 3748 snpra.

582 3780 663 3812 ια.
690 3764 903 3811 Acu'om's
926 3779 1122 3827 quoque,
1142 3761 1522 3812 modiasehiitn.

508 3844 591 3892 dat
617 3864 639 3887 ι
667 3844 899 3891 dictionis
924 3857 1125 3907 quoque
1146 3841 1307 3889 modis
1328 3864 1381 3902 n,
1406 3844 1522 3907 quis

506 3922 567 3970 de
586 3924 778 3970 actione
793 3922 875 3969 hio
892 3937 998 3969 non
1019 3920 1197 3984 agitur,
1218 3921 1524 3986 conferrique

496 4002 639 4064 iubet
663 4002 727 4049 ad
752 4003 873 4049 Her.
904 4002 993 4059 lv,-
1018 4001 1099 4058 ⁴5.

578 4081 660 4129 13.
683 4082 816 4129 Nam
840 4082 907 4128 si.
922 4116 936 4129 .
950 4080 1368 4129 .demonstmeum.
1406 4082 1522 4129 Non

494 4157 765 4207 audiendus
806 4170 878 4207 est
912 4158 1149 4209 Oudeud.
1182 4159 1367 4222 quinio
1404 4160 1453 4210 h.
1482 4161 1518 4210 l.

1613 2974 1776 3031 vobis,
1817 2972 2054 3021 dubitetis
2093 2972 2254 3021 dicere
2269 2973 2304 3018 Ρ·
2317 2994 2344 3013 .-
2373 2971 2637 3035 Vulgstum

1612 3053 1852 3116 integrum
1890 3062 1962 3099 est
1997 3064 2048 3100 et
2083 3066 2253 3099 sanum
2269 3084 2286 3109 ‚
2319 3049 2469 3097 modo
2497 3058 2636 3096 note-

1615 3144 1696 3181 tur
1719 3132 1773 3179 in
1799 3132 1958 3180 verbis
1991 3131 2156 3194 «quid
2189 3129 2388 3194 possitis
2431 3128 2592 3175 dicere
2609 3150 2637 3169 ι

1614 3220 1716 3260 esse
1742 3210 1983 3276 spodosin
2000 3246 2016 3272 ,
2037 3226 2148 3275 quae
2171 3210 2378 3258 refertur
2399 3207 2462 3255 sd
2477 3230 2502 3249 ι
2521 3222 2636 3255 nm

1614 3292 1686 3351 si,
1712 3302 1808 3341 ete.
1829 3312 1856 3333 ι·
1885 3294 2000 3341 Seu.

1692 3379 1772 3426 14.
1803 3372 1864 3418 Ue
1895 3370 1948 3418 in
1982 3380 2150 3418 nostra
2171 3384 2388 3434 persona
2403 3402 2418 3425 ,
2443 3364 2635 3426 licebit,

1609 3462 1702 3501 etc.
1721 3452 1862 3498 Tunc
1884 3451 2036 3499 veluti
2065 3450 2108 3497 si
2137 3464 2242 3497 non
2275 3448 2418 3495 sliam
2451 3459 2634 3509 perso-

1609 3545 1720 3577 mm
1781 3530 2080 3587 induxisset»,
2132 3527 2302 3575 licebit
2349 3538 2636 3589 percurrere

1609 3624 1778 3656 omues
1803 3610 2242 3672 argumentationes
2263 3602 2510 3667 singulas,
2529 3612 2636 3649 tum

1609 3688 1786 3735 referre
1811 3688 2000 3751 singula
2029 3702 2202 3750 genera
2239 3684 2306 3732 sd
2347 3682 2636 3747 partitiones

1610 3765 1908 3831 (enumerare
1935 3766 1998 3813 de
2023 3765 2202 3829 quibus
2229 3760 2450 3828 partilius
2469 3761 2636 3822 singu·

1611 3844 1672 3892 lis
1697 3844 1981 3909 exposueris
2007 3845 2062 3891 iu
2088 3842 2380 3907 partitione)
2395 3876 2410 3897 ‚
2451 3849 2557 3887 tum
2573 3836 2637 3884 ab

1613 3924 1838 3972 auditore
1860 3922 1982 3987 quid
2005 3921 2244 3971 desideret
2260 3934 2505 3985 quaercre,
2531 3926 2638 3963 tum

1613 4012 1720 4050 tuas
1735 4018 1846 4051 cum
1865 4002 2122 4049 contrariis
2135 3994 2640 4066 argumentationibus

1613 4080 1980 4147 componendo,
1997 4082 2086 4130 hus
2103 4080 2312 4138 diluere,
2331 4078 2440 4126 mn
2459 4068 2644 4123 confir-

1613 4176 1760 4211 mare.
1781 4162 1956 4209 Wrrs.
