2982 4682
731 350 856 418 DE
903 349 1513 437 INVENTIONE,
1556 349 1823 418 LIBER
1872 350 1977 438 11,
2028 373 2135 446 17.
2358 357 2500 452 429

365 471 750 570 majestatis
783 502 836 541 n.
863 473 1181 544 Intentio
1199 487 1306 544 est
1318 466 1376 560 3,
1397 472 1891 568 «Majestatem
1914 473 2238 544 minuisti
2254 529 2274 563 ,
2300 475 2505 574 quod

369 583 753 656 tribunum
771 580 1006 680 plebis
1029 580 1120 653 de
1147 582 1423 680 templo
1459 581 1821 654 deduxisti
1840 611 1897 650 ι).
1932 582 2281 678 Depulsio
2314 599 2425 656 est
2438 588 2499 675 ⁴,

363 699 585 767 «Nou
604 693 841 763 minui
863 691 1304 786 majestatem
1320 723 1374 762 n.
1399 692 1702 782 Questio
1736 705 1875 777 est,
1904 721 1935 756 α
1961 693 2504 788 Majestatemne

363 804 782 876 minuerit».
845 804 1054 872 Ratio
1071 799 1126 890 ⁵,
1163 833 1198 868 α
1225 807 1312 872 ln
1352 802 1585 874 filium
1630 803 1824 872 enim
1873 826 2093 900 quam
2144 803 2503 877 habebam

367 927 800 1012 potestatem
824 967 844 998 ‚
887 937 970 984 ea
1009 936 1186 984 usus
1235 937 1396 984 sum
1410 943 1466 982 ».
1517 915 1843 984 Rationis
1884 910 2311 1001 infirmum,
2352 943 2387 978 «ι
2418 921 2508 986 At

367 1026 566 1096 enim
585 1077 605 1111 ,
642 1025 770 1119 qui
791 1023 1019 1120 patria
1055 1036 1410 1120 potestate
1423 1017 1482 1111 ⁶,
1509 1021 1652 1093 hoc
1677 1035 1821 1110 est,
1854 1022 2127 1119 privata
2155 1022 2465 1120 quadam
2484 1079 2505 1116 ,

369 1132 820 1206 tribunitiam
867 1129 1354 1228 [potestatem
1387 1129 1446 1228 ],
1504 1129 1645 1202 hoc
1688 1145 1831 1220 est,
1888 1131 2143 1228 populi
2188 1146 2506 1229 potesta·
2555 1201 2564 1218 ,

375 1259 522 1315 tem
563 1241 910 1328 infirmat,
955 1241 1223 1311 minuit
1261 1242 1322 1312 is
1365 1242 1877 1335 majestatem».
1917 1245 1955 1310 J
1961 1239 2317 1312 udicatio⁷
2357 1257 2505 1329 est,

369 1383 404 1419 α
429 1353 804 1424 Minuatne
835 1353 895 1423 is
925 1353 1369 1447 majestatem
1389 1403 1409 1435 ‚
1442 1351 1573 1447 qui
1602 1352 1675 1420 in
1708 1348 2155 1420 tribunitiam
2193 1367 2506 1448 potesta-

373 1477 518 1535 tem
560 1463 789 1560 patria
829 1473 1188 1560 potestate
1241 1473 1493 1531 utatur
1518 1491 1572 1529 n.
1620 1458 1733 1530 Ad
1772 1458 1961 1556 hane
1987 1459 2507 1555 judicationem

371 1575 1029 1671 argumentationes
1064 1592 1318 1642 omnes
1355 1567 1597 1641 afferri
1631 1567 2019 1666 oportebit.

469 1680 734 1780 (xvm.)
763 1686 860 1752 Ac
891 1705 986 1752 ne
1029 1681 1194 1778 quis
1228 1677 1416 1750 forte
1448 1678 1861 1766 arbitretur,
1898 1703 2031 1749 nos
2062 1703 2213 1750 non
2239 1681 2508 1752 intelli·

373 1815 545 1890 gere
567 1845 588 1877 ‚
631 1792 838 1862 aliam
886 1815 1186 1889 quoque
1219 1787 1539 1861 incidere
1568 1791 2161 1860 constitutionem
2200 1791 2275 1859 in
2314 1791 2507 1865 hane

373 1925 699 1990 causam3
745 1925 902 1972 eam
945 1925 1080 1971 nos
1133 1914 1410 1998 partem
1465 1899 1691 1970 solam
1732 1899 2120 1987 sumimus,
2170 1901 2247 1970 in
2284 1926 2508 1998 quam

371 2026 731 2109 praecepta
764 2010 979 2083 nobis
1003 2008 1240 2082 danda
1268 2025 1462 2082 sunt.
1506 2008 1872 2081 Omnibus
1907 2021 2147 2080 autem
2176 2011 2506 2108 partibus

371 2121 516 2193 hoc
555 2123 632 2192 in
668 2120 860 2192 libro
901 2120 1302 2219 explicam,
1356 2120 1591 2217 quivis
1617 2120 1820 2191 omni
1856 2119 1933 2188 in
1972 2141 2215 2206 causa,
2254 2123 2315 2189 si
2350 2120 2508 2194 dili-

301 2288 306 2297 .
373 2245 627 2328 genter
697 2229 1062 2318 attendet,
1126 2253 1382 2302 omnes
1447 2227 1725 2301 videbit
1789 2231 2372 2320 constitutioneS,
2432 2247 2507 2303 et

262 2351 271 2358 ’
373 2366 620 2414 earum
667 2357 942 2439 partes»,
999 2356 1072 2414 et
1127 2341 1686 2433 eontroversiaS,
1731 2344 1791 2413 si
1828 2366 1989 2439 quae
2037 2339 2225 2415 forte
2269 2341 2349 2415 in
2385 2366 2504 2416 eas

375 2451 719 2524 incident.
756 2456 936 2525 Nam
974 2451 1065 2523 de
1101 2451 1443 2524 omnibus
1480 2446 2099 2551 perscribemusss.

471 2565 754 2635 Primus
796 2586 968 2660 ergo
1015 2566 1448 2635 accusatoris
1494 2564 1694 2637 locus
1744 2577 1888 2652 est,
1949 2563 2105 2659 ejus
2148 2564 2502 2653 nominiS,

375 2672 582 2769 cujus
612 2671 703 2744 de
743 2672 815 2743 vi
859 2678 1231 2771 quaeritur,
1283 2672 1557 2760 brevi5‚
1591 2688 1664 2746 et
1697 2687 1976 2771 aperta,
2020 2687 2093 2745 et
2134 2697 2223 2743 ex
2263 2672 2501 2743 homi·

375 2808 554 2855 num
579 2787 920 2879 opinione
952 2782 1314 2873 definitio,
1351 2782 1497 2853 hoc
1533 2781 1753 2853 modo
1784 2809 1800 2851 :
1828 2811 1861 2847 a
1891 2782 2335 2877 Majestatem
2366 2782 2502 2851 mi-

375 2916 642 2979 nuere,
678 2906 784 2963 est
835 2892 926 2963 de
961 2890 1334 2990 dignitate,
1379 2906 1505 2964 aut
1564 2889 2080 2989 amplitudine,
2128 2905 2253 2963 aut
2303 2905 2505 2990 pote·

378 3016 566 3074 state
601 3000 890 3100 populi,
931 3017 1056 3072 aut
1091 3026 1344 3074 eorum
1367 3056 1387 3093 ,
1431 3000 1700 3100 quibus
1718 3000 2036 3101 populus
2072 3016 2502 3099 potestatem

450 3196 499 3244 3.
526 3195 736 3245 Intentio
760 3181 846 3243 e'se.
868 3194 978 3244 Hoc
1003 3206 1076 3243 est.
1093 3228 1110 3255 ,
1128 3196 1396 3257 accusatio,
1486 3207 1582 3245 tem
1601 3218 1644 3245 »-
1678 3196 1903 3245 Ceterum
1933 3196 2049 3245 libri
2076 3197 2217 3247 valde
2246 3196 2498 3248 fluctuant.

375 3274 478 3323 nive
499 3275 797 3324 accantati.
819 3275 966 3324 aetio.
987 3275 1141 3323 Cur.
1484 3273 1742 3325 Sehiitziua
1774 3292 1918 3325 voees
1950 3277 2169 3341 quadam
2205 3288 2253 3327 et
2287 3289 2501 3341 potesta·

449 3363 498 3410 4.
519 3355 748 3420 Depulu'o
774 3366 859 3403 est.
899 3356 959 3403 Id
987 3365 1092 3414 est,
1128 3354 1394 3403 aecus-tio-

376 3432 452 3480 ni·
477 3434 734 3493 refutatio,
763 3435 866 3481 nive
883 3435 956 3483 rei
981 3434 1221 3483 defendo.
1243 3434 1393 3483 Cur.

449 3512 501 3561 5.
528 3512 692 3561 Ratio.
719 3508 860 3563 Atria
889 3513 969 3562 vel
1011 3510 1176 3569 αἴτιον,
1202 3512 1256 3559 id
1293 3522 1396 3574 eat,

375 3605 518 3638 etun
546 3608 691 3655 quam
719 3606 830 3639 rena
859 3590 926 3648 ad
950 3591 1026 3640 mi
1065 3590 1394 3639 defensionem

373 3670 583 3733 profert.
611 3670 767 3721 Cur.

446 3748 496 3796 6.
513 3748 612 3813 Qui
621 3746 794 3812 patria
811 3758 1066 3812 potestate,
1083 3747 1176 3797 Ιιοσ
1194 3758 1280 3809 ese,
1292 3748 1395 3813 pri-

374 3838 490 3875 vata
528 3827 752 3892 quadqm
765 3862 779 3887 ,
807 3824 918 3875 m'b.
937 3838 1232 3893 potestatem
1249 3860 1264 3886 ‚
1303 3826 1397 3876 Ιιοσ

373 3917 466 3955 ese.
501 3906 692 3955 Ernesti
747 3907 966 3971 quadam
1011 3918 1061 3956 et
1105 3916 1397 3972 potestatem

373 3984 516 4035 uncis
548 3984 752 4033 inclusit
775 3995 831 4034 ut
856 3986 1040 4050 spuria.
1069 3987 1129 4033 In
1149 3985 1278 4034 MSS
1301 3986 1397 4034 Gu.

375 4078 406 4111 2
426 4099 441 4124 ,
469 4080 570 4112 uon
603 4074 705 4126 est,
745 4062 884 4112 -boc
915 4076 986 4114 est
1019 4079 1144 4128 pop.
1173 4074 1394 4129 potestn-

1483 3366 1578 3404 tem
1610 3354 1793 3404 delevit
1824 3356 2107 3406 auctoribus
2136 3356 2266 3406 ond.
2302 3367 2352 3405 et
2376 3358 2499 3409 Em.

1481 3436 1553 3485 At
1571 3446 1733 3484 eemet
1746 3437 1779 3485 J
1780 3438 1919 3484 .v.1..
1934 3436 2239 3485 retinendum
2254 3436 2497 3501 quadam.

1557 3530 1605 3574 7.
1630 3511 1882 3561 Iudicaeio
1919 3524 2011 3563 est.
2042 3516 2106 3563 Τὸ
2141 3512 2423 3581 κρινόμενον,
2447 3513 2501 3560 id

1481 3602 1579 3652 est,
1606 3591 1703 3639 boe
1724 3591 1889 3655 ipsum
1918 3591 1980 3640 de
2011 3608 2110 3657 quo
2130 3592 2321 3655 judiees
2356 3590 2505 3640 laturi

1480 3680 1597 3719 aunt
1616 3672 1920 3721 sententiam.
1943 3672 2161 3721 Curta.

1556 3750 1607 3798 8.
1633 3750 2001 3801 Perscribemus.
2023 3752 2147 3800 MSS
2176 3746 2501 3813 Oudendorp.

1483 3838 1533 3877 et
1562 3832 1659 3879 Gn.
1690 3844 1737 3889 ι,
1755 3830 2128 3896 prater-ihomas
2145 3865 2161 3891 ,
2198 3828 2231 3875 i.
2264 3844 2304 3876 e.
2332 3828 2505 3891 praei-

1482 3908 1711 3972 piamun:
1756 3908 1893 3973 qnod
1931 3907 2117 3972 prohat
2154 3904 2384 3955 Oudend.
2419 3907 2501 3955 Sic

1485 3996 1559 4035 est
1578 3986 1739 4047 infra,
1775 4004 1823 4035 e.
1850 4002 1935 4035 aa.
1962 3985 2059 4035 Sed
2085 3996 2134 4033 et
2150 3984 2503 4051 perscribamus

1485 4076 1619 4111 meto
1634 4064 1814 4113 dicitur
1832 4064 1884 4113 in
1904 4064 1997 4113 hnc
2014 4064 2267 4115 sententia.
2286 4066 2416 4115 Eu.
