2982 4682
450 306 546 397 94
1138 303 1235 369 M.
1292 302 1365 369 T.
1407 299 1900 370 CICERole

456 429 559 495 Ex
598 421 904 521 simplici
938 436 1143 521 parte
1176 419 1853 519 reprehendentur,
1891 421 1952 490 si
1983 444 2074 490 ex
2109 419 2383 517 duplici
2421 444 2593 492 con-

456 534 781 605 clusione
809 530 1157 603 alterutra
1196 556 1360 628 pars
1390 530 1813 617 diluam-14,
1848 530 1990 601 hoc
2027 528 2251 602 modo
2280 558 2294 598 :

722 703 915 801 ’‘Nam,
944 688 1355 788 sifimprobum
1378 707 1802 789 Cresphontem
1831 708 2291 780 existimaveram,

672 876 681 883 Ι
732 806 857 862 Cur
883 822 975 861 me
1004 803 1142 880 huic
1166 800 1399 861 locabas
1428 803 1689 880 nuptiis?
1709 837 1782 876 -,-
1803 802 1960 861 Duxi
1985 799 2254 879 probum.

674 900 679 905 “
734 896 973 955 Erravit
1007 908 1142 975 post
1168 896 1447 972 cognovi,
1479 910 1540 953 et
1568 897 1727 973 fugio
1759 894 2072 972 cognitum.

454 1056 643 1150 Ergo
701 1046 1168 1149 reprehensio
1254 1050 1474 1145 hujus
1552 1049 2037 1120 conclusionis
2098 1046 2366 1146 duplex
2445 1065 2591 1137 θείς

457 1163 738 1234 acutior
770 1161 893 1231 illa
929 1124 1260 1258 suiperior
1282 1214 1301 1243 ‚
1359 1158 1635 1231 facilior
1670 1159 1824 1230 haec
1867 1161 2221 1256 posterior
2256 1159 2344 1230 ad
2384 1183 2594 1228 exco-

459 1271 857 1370 gitandum.

554 1386 778 1453 XXV.
818 1385 999 1450 Item
1040 1380 1295 1449 vitiosa
1335 1394 1443 1449 est
1480 1376 1939 1449 confirmatio
1978 1378 2276 1449 rationis
2299 1431 2318 1466 ,
2365 1401 2594 1473 quum

464 1514 544 1563 ea
570 1514 689 1577 re,
722 1514 882 1587 quae
914 1488 1124 1587 plura
1146 1486 1550 1583 significat,
1592 1486 1964 1559 abutimur
1996 1494 2131 1586 pro
2158 1493 2357 1559 certo
2383 1488 2597 1557 unius

460 1603 569 1675 rei
604 1603 845 1698 sign0‚
883 1599 1027 1670 boc
1059 1598 1280 1670 modo
1320 1625 1336 1667 ε
1376 1628 1409 1663 α
1432 1602 1742 1671 Necesse
1780 1612 1920 1687 est,
1958 1598 2305 1695 quoniam
2341 1598 2595 1697 pallet,

461 1726 841 1811 aegrotasse
882 1738 897 1780 ε
934 1725 1097 1798 aut,
1144 1712 1453 1781 Necesse
1483 1723 1591 1781 est
1627 1711 1992 1809 peperisse
2014 1764 2033 1797 ,
2064 1709 2408 1806 quoniam
2439 1733 2598 1780 sus-

464 1823 650 1893 tinet
693 1844 1005 1918 puerum
1054 1818 1477 1891 infantem».
1525 1822 1706 1891 Nam
1751 1818 1903 1891 haec
1939 1843 2067 1891 sua
2109 1835 2368 1917 sponte
2408 1836 2600 1891 certa

464 1934 669 2028 signa
695 1956 845 2002 non
886 1930 1194 2017 habent,
1238 1933 1295 2001 si
1329 1955 1481 2002 non
1520 1945 1759 2001 cetera
1799 1955 2094 2028 quoque
2133 1929 2387 2001 similia
2424 1954 2599 2000 con-

466 2056 777 2112 currant.
825 2039 1047 2131 Quod
1097 2042 1155 2109 si
1210 2043 1756 2123 concurrerint,
1823 2040 2158 2111 nonnihil
2211 2040 2599 2112 illiusmodi

466 2152 666 2247 signa
690 2149 1052 2248 adaugent
1078 2152 1591 2249 suspicionem.
1629 2156 1811 2223 Item
1835 2154 2175 2223 vitiosum
2205 2166 2311 2222 est
2327 2206 2346 2239 ,
2370 2176 2600 2249 quum

462 2260 583 2344 vel
605 2262 684 2329 in
709 2259 963 2356 alium,
1010 2260 1123 2330 vel
1150 2261 1226 2330 in
1262 2285 1430 2331 eum
1454 2262 1728 2360 ipsum,
1761 2264 1888 2360 qui
1915 2261 2086 2333 dicit
2107 2317 2126 2353 ‚
2159 2261 2268 2346 id,
2293 2262 2491 2360 quod
2522 2264 2597 2332 in

468 2371 954 2443 adversarium
988 2371 1274 2460 dicitur,
1299 2387 1542 2468 potest
1571 2363 1955 2444 convenire
1976 2427 1996 2462 ,
2027 2371 2170 2444 hoc
2197 2371 2420 2444 modo
2455 2399 2469 2438 :

466 2553 669 2622 Miseri
696 2563 862 2622 sunt,
897 2551 1001 2628 qui
1028 2570 1240 2610 uxores
1271 2551 1511 2612 ducunt.
1537 2585 1618 2599 —
1639 2561 1710 2611 At
1735 2566 1799 2612 tu
1827 2555 2045 2614 duxisti
2066 2556 2323 2613 alteram.

468 2715 651 2781 Item
702 2709 1039 2782 vitiosum
1086 2724 1195 2781 est
1233 2709 1339 2798 id,
1387 2711 1591 2808 quod
1628 2711 2038 2810 vulgarem¹
2088 2709 2310 2782 habet
2358 2709 2603 2782 defen-

472 2823 787 2910 sionem,
832 2821 975 2892 hoc
1019 2819 1243 2892 modo
1280 2849 1294 2890 ε
1330 2851 1362 2886 c<
1390 2821 1770 2893 Iracundia
1812 2822 2151 2894 inductus
2175 2833 2204 2864 ²
2249 2823 2602 2918 peccavit,

473 2948 599 3004 aut
630 2931 1146 3020 adolescentia,
1185 2947 1311 3003 aut
1336 2957 1580 3005 amore
1605 2963 1661 3001 n.
1702 2933 2219 3027 Hujuscemodi
2257 2934 2449 3004 enim
2482 2932 2604 3004 de-

474 3044 928 3142 precationes
949 3047 1007 3112 si
1038 3040 1577 3140 probabuntur,
1604 3046 1906 3142 impune
1935 3041 2288 3154 maxim—a3
2313 3057 2606 3142 peccata

550 3262 635 3310 ¹4·
665 3253 899 3302 Diluetur.
926 3254 1006 3303 Sic
1033 3255 1223 3303 correxi
1251 3256 1502 3320 vulgatum
1665 3273 1713 3306 ο.
1731 3257 2000 3306 Iracundia
2025 3256 2268 3306 inductus:
2285 3255 2482 3307 sehim.
2499 3257 2606 3318 «gab

474 3333 698 3390 diluitur,
711 3333 1004 3393 necessario,
1020 3344 1076 3380 ut
1088 3334 1407 3398 responderet
1418 3353 1503 3382 su·
1589 3336 1841 3386 iracundia
1855 3337 2094 3384 deductus
2103 3359 2146 3385 ».
2163 3337 2270 3397 Sic,
2281 3337 2468 3402 inquit,
2487 3337 2608 3386 cod.

477 3406 757 3480 perifflibus
778 3445 793 3468 ‚
809 3411 895 3460 ubi
914 3423 1028 3460 sunt
1050 3411 1209 3460 futura
1229 3446 1247 3472 ,
1272 3423 1321 3461 et
1339 3430 1368 3461 e
1388 3413 1504 3461 cod.
1591 3416 1691 3464 Erf.
1715 3428 1765 3464 et
1785 3417 1970 3466 cauch.

475 3499 620 3542 Voss.
646 3507 729 3556 ap.
756 3490 985 3540 Oudend.
1032 3493 1159 3541 Eun.
1187 3519 1259 3530 -
1283 3491 1500 3541 Diluitur

480 3573 591 3622 edd.
616 3573 780 3632 1476,
812 3571 951 3620 Med.
980 3569 1142 3634 1498,
1169 3585 1219 3620 et
1240 3575 1387 3622 Grut-

548 3654 717 3700 XXV.
742 3667 786 3698 1.
806 3651 1086 3716 Vulgarem.
1108 3653 1373 3701 Wetnelius
1392 3667 1498 3701 eam

479 3743 617 3798 putat
629 3745 775 3795 quam
788 3747 889 3778 nou
902 3731 963 3778 ab
983 3744 1194 3788 oratore,
1205 3732 1291 3780 sed
1302 3747 1329 3778 a
1348 3731 1498 3794 vulgo

483 3824 673 3862 tamum
690 3821 955 3874 exspectet.
980 3810 1354 3875 Intelligendum
1382 3825 1498 3858 vero

482 3909 593 3956 qu
614 3893 669 3938 in
688 3889 872 3953 ‹vul‘gm
894 3891 1025 3938 cadit
1042 3923 1058 3950 ,
1082 3907 1192 3954 quae
1224 3889 1500 3954 promiscue

482 3971 587 4020 dari
600 3980 781 4035 potest,
804 3970 877 4017 ita·
894 3980 954 4018 ut
974 3971 1017 4016 si
1040 3969 1289 4018 admiseris
1302 3970 1500 4032 impune

484 4051 690 4098 maxima
706 4061 907 4114 peccata
924 4049 1215 4098 dilabamur.

1657 3496 1710 3543 3.
1737 3494 2190 3558 Maaeimapeccata
2218 3496 2272 3544 d.
2291 3493 2488 3544 Schiitz.
2515 3495 2608 3542 ..in

1585 3576 1792 3622 maxima
1839 3592 1890 3638 p.
1931 3574 1984 3622 d.
2013 3595 2038 3615 ιι
2084 3573 2196 3632 Sie,
2248 3574 2439 3638 inquit,
2493 3573 2608 3624 edd.

1585 3656 1788 3718 priores.
1829 3656 1944 3701 Post
1986 3653 2066 3702 edi
2101 3663 2316 3717 eoeptum
2351 3675 2378 3694 σι
2399 3652 2610 3702 maxima

1587 3731 1862 3784 dssabentur
1871 3732 2198 3795 ·».-Quidam
2210 3731 2324 3780 libri
2343 3733 2610 3788 diducam,

1587 3811 1726 3874 quod
1751 3827 1854 3859 non
1885 3812 2004 3859 sinit
2031 3829 2132 3860 vox
2169 3812 2386 3874 impune.
2431 3813 2608 3860 Ortum
2637 3864 2646 3872 ⁴

1587 3889 1760 3938 vitium
1775 3908 1802 3938 e
1820 3893 2059 3954 scriptura
2081 3893 2258 3942 vitiosa
2272 3923 2288 3948 ,
2307 3891 2608 3949 dilabamur,

1589 3984 1698 4031 qnae
1727 3979 1798 4016 est
1829 3986 1876 4016 v.
1913 3985 1958 4018 c.
1985 3969 2036 4016 in
2073 3970 2150 4020 ed.
2179 3973 2344 4032 1474.
2381 3969 2610 4034 placeb-t

1593 4057 1752 4096 tamen
1777 4047 2010 4098 Oudend.
2045 4051 2176 4098 Eun.
2217 4077 2286 4088 —-
2319 4051 2451 4112 Quas
2479 4048 2610 4097 vidi-
