2982 4682
710 418 836 515 AD
891 416 1486 503 HERENNIUM,
1536 416 1806 485 LmER
1857 416 1996 501 111,
2054 416 2158 499 ιι..
2301 402 2309 411 ·
2365 413 2501 499 143

361 538 731 640 plificans‚
790 537 1201 610 auditorem
1255 537 1348 609 ad
1404 535 1852 610 iracundiam
1903 535 2201 609 adducit
2252 564 2269 606 τ
2323 562 2502 609 con-

361 650 651 749 questio
685 664 795 721 est
832 650 1064 727 oratio
1092 658 1196 739 ¹⁰,
1240 673 1403 748 quae
1436 646 2070 720 incommodorum
2107 645 2504 745 amplifica-

362 762 564 831 tione
599 763 923 831 animum
960 757 1309 830 auditoris
1336 766 1394 803 ¹¹
1424 757 1516 829 ad
1547 754 2110 828 misericordiam
2151 755 2502 853 perducit.

364 871 732 961 Quoniam
774 869 993 967 igitur
1038 867 1425 941 mollitudo
1460 869 1656 939 vocis
1701 868 1778 938 in
1817 881 1962 937 tres
2004 880 2244 963 partes
2279 864 2506 939 divisa

366 992 473 1050 est
494 1032 515 1067 ‚
552 992 624 1050 et
662 980 766 1048 hae
800 992 1037 1077 partes
1070 979 1241 1077 ipsae
1270 980 1347 1049 in
1376 993 1545 1049 octo
1581 977 1752 1048 alias
1781 973 2260 1046 distributae¹²
2297 992 2505 1063 sunt,

365 1113 526 1185 quae
572 1092 927 1187 cujusque
978 1088 1243 1161 idonea
1292 1087 1794 1185 pronuntiatio
1831 1089 1956 1175 sit,
2003 1087 2507 1159 demonstran-

364 1198 539 1269 dum
583 1198 888 1269 videtur.

461 1311 649 1379 XIV.
680 1306 891 1403 (xiv.)
923 1310 1173 1378 Sermo
1206 1332 1440 1405 quum
1462 1322 1574 1379 est
1601 1310 1674 1378 in
1701 1306 2044 1404 dignitate
2063 1361 2083 1395 ‚
2102 1306 2336 1404 plenis
2357 1305 2508 1379 fau-

364 1416 573 1487 cibus
602 1440 823 1514 quam
850 1415 1289 1488 sedatissima
1324 1422 1395 1488 et
1421 1417 1960 1517 depressissima
1986 1422 2164 1489 voce
2194 1419 2302 1490 uti
2337 1442 2508 1490 con-

364 1526 609 1597 veniet
650 1554 665 1595 :
707 1528 805 1597 ita
839 1540 1116 1615 tamen,
1165 1542 1249 1598 ut
1297 1552 1391 1598 ne
1430 1526 1524 1599 ab
1569 1531 1882 1599 oratoria
1907 1536 1930 1570 ¹
1977 1526 2506 1600 consuetudine

368 1636 458 1707 ad
493 1638 829 1734 tragicam
869 1652 1334 1710 transeamus.
1372 1643 1620 1730 Quum
1658 1652 1896 1708 autem
1943 1651 2048 1708 est
2085 1638 2162 1707 in
2201 1636 2507 1709 demon-

366 1750 925 1836 stratione‚voce
953 1748 1357 1846 paullulum
1385 1762 1774 1835 attenuata,
1813 1745 2085 1819 crebris
2112 1747 2508 1819 intervallis

343 1873 442 1929 et
476 1857 951 1930 divisionibus
984 1861 1091 1930 uti
1131 1858 1501 1957 oportebit
1531 1887 1548 1929 z
1589 1874 1672 1929 ut
1715 1860 1866 1956 ipsa
1908 1858 2508 1955 pronuntiatione

370 1992 488 2039 eas
513 1994 668 2058 res,
711 1993 889 2064 quas
930 1966 1625 2053 demonstrabimus,
1669 1969 1984 2039 inserere
2020 1981 2240 2063 atque
2277 1967 2506 2037 inter-

368 2090 643 2151 secare²
688 2077 1059 2150 videamur
1090 2081 1165 2149 in
1203 2080 1459 2149 animis
1496 2078 1934 2150 auditorum.
1979 2079 2230 2167 Quum
2265 2090 2508 2148 autem

370 2214 607 2261 sermo
656 2191 729 2260 in
770 2191 1179 2261 narratione
1218 2184 1405 2277 est3‚
1446 2203 1606 2259 tum
1639 2210 1900 2258 vocum
1939 2187 2280 2257 varietate
2325 2210 2512 2283 opus

371 2312 520 2387 est,
580 2312 703 2386 ut,
756 2318 908 2396 quo
950 2296 1279 2396 quidque
1331 2313 1543 2398 pacto
1597 2310 1878 2395 gestum
1923 2299 2048 2384 sit,
2096 2296 2193 2368 ita
2241 2297 2512 2368 narrari

369 2561 530 2610 oratio
554 2577 663 2610 cnm
682 2563 880 2610 Graevio
906 2577 964 2610 ex
994 2561 1108 2610 cod.
1136 2563 1239 2610 Etr.
1261 2565 1389 2612 Pith.

369 2653 417 2688 et
440 2639 547 2688 aliia
568 2641 990 2690 mss—Addunt
1012 2651 1061 2689 et
1087 2640 1201 2690 edd.
1226 2641 1359 2704 1496
1377 2676 1393 2700 ,

367 2719 503 2768 ned.
536 2719 685 2782 1498.

447 2814 529 2846 ιο.
556 2796 847 2863 Conquestio
878 2809 953 2846 ese
977 2798 1157 2848 oratio.
1176 2798 1290 2848 Sch.
1309 2799 1391 2848 hic

371 2875 503 2925 delet
527 2875 700 2925 oratio.
736 2876 945 2937 Melius,
978 2877 1138 2942 inquit
1156 2912 1171 2936 ,
1208 2877 1395 2925 omitti·

370 2966 468 3014 tur,
493 2953 590 3004 ἀπὸ
620 2957 703 3004 τοῦ
726 2957 879 3005 κοινοῦ
908 2971 966 3004 ex
992 2954 1396 3005 antecedentibus

371 3034 704 3100 repetendum.

447 3131 467 3160 ι
483 3129 527 3161 1.
556 3113 789 3161 Animum
812 3111 1065 3162 auditoris.
1085 3113 1237 3162 Abest
1253 3111 1396 3162 audi-

371 3192 491 3240 toris
516 3191 595 3240 ed.
621 3191 773 3258 1476.

450 3287 531 3319 η.
548 3271 617 3318 Be
639 3269 713 3318 1⁸ae
735 3281 903 3334 partes
924 3269 1041 3336 ipsoe
1060 3269 1110 3317 in
1132 3280 1239 3317 octo
1263 3269 1394 3318 alias

371 3349 641 3397 distributor
678 3361 807 3398 sune.
845 3349 941 3396 Hic
986 3347 1252 3396 delevimus
1292 3349 1396 3413 priq

373 3444 507 3476 mum
538 3439 705 3492 par-ees
740 3437 855 3492 post
890 3438 1026 3490 octo,
1062 3437 1262 3476 auctore
1308 3429 1399 3476 Ms

375 3508 510 3556 Cort-
546 3517 650 3554 tum
695 3505 975 3554 addidimus
1014 3517 1157 3568 sunt,
1204 3522 1232 3554 e
1272 3507 1397 3556 Mss

373 3585 598 3650 plurimis
624 3597 675 3634 et
702 3584 818 3633 edd.
846 3601 925 3648 pr.
964 3585 1189 3649 Denique
1218 3584 1399 3634 delevi·

372 3681 481 3713 mus
508 3663 680 3712 iisdem
706 3663 1024 3726 auctoribus,
1047 3685 1072 3708 ι
1088 3663 1258 3712 harum
1284 3674 1401 3712 octo

373 3745 583 3810 partium
606 3765 629 3787 ο
661 3755 776 3809 post
800 3755 925 3795 sunt.
957 3747 1091 3794 En.
1128 3771 1199 3782 --
1228 3745 1397 3794 Molli·

374 3823 499 3872 tudo
526 3823 580 3872 in
607 3833 705 3871 tres
730 3833 893 3888 partes
918 3823 1071 3871 divisa
1100 3835 1196 3884 cst;
1218 3840 1403 3872 sermo·

376 3919 485 3950 nem
501 3905 673 3964 ,cujus
699 3915 862 3968 partes
885 3914 1103 3966 quatuor
1124 3913 1263 3961 sunu
1285 3920 1402 3952 con·

374 3983 641 4030 tentionem
660 4017 675 4044 ,
704 3982 846 4042 cujus
873 3992 992 4029 sunt
1018 3981 1129 4030 ‹luoe
1150 3998 1164 4042 3
1190 3981 1401 4052 amplifi-

372 4061 615 4108 cntionem
633 4095 648 4122 ,
670 4061 810 4122 cujus
834 4059 958 4110 duae.

446 4141 582 4188 xlv.
613 4155 657 4190 1.
685 4141 765 4189 Ne
786 4142 853 4189 ab
880 4140 1117 4190 oratoria.
1147 4143 1257 4191 Hoc
1282 4141 1401 4189 rese·

1481 2561 1690 2612 rendum
1738 2571 1810 2610 est
1852 2561 1914 2608 ad
1954 2583 1979 2603 κ
2003 2559 2164 2625 plenis
2212 2558 2433 2607 faucibus
2459 2577 2517 2616 n,-

1480 2641 1521 2692 ἰ.
1540 2659 1586 2692 e.
1616 2658 1678 2689 ne
1715 2640 1922 2704 gravitas
1957 2638 2047 2687 flat
2079 2639 2302 2688 affectata
2322 2675 2338 2701 ‚
2376 2649 2429 2686 ut
2455 2641 2508 2686 in

1480 2719 1802 2769 histrionibus
1829 2719 2043 2782 tragicis.
2069 2721 2202 2766 Eut.

1556 2815 1604 2848 2.
1639 2801 1861 2846 Inserere
1901 2808 2046 2862 aeque
2091 2797 2398 2845 intersecare.
2439 2799 2512 2844 Ita

1480 2877 1598 2927 libri
1617 2878 1798 2936 nostri,
1818 2887 2144 2942 praeterquam
2163 2873 2303 2938 quod
2327 2875 2380 2922 in
2402 2877 2513 2939 qni-

1482 2956 1687 3004 busdam
1709 2954 1930 3002 insectare
1949 2955 2026 3000 vel
2049 2953 2351 3003 intersecare.
2375 2955 2514 3002 Latu-

1482 3035 1630 3083 binus
1679 3033 1874 3082 admisit
1942 3033 2280 3094 conjecturam
2341 3033 2512 3082 Aut-ati

1483 3113 1736 3162 inculcare
1748 3131 1768 3170 ;
1791 3112 2024 3160 nimirum
2057 3123 2290 3178 quantum
2313 3129 2342 3160 a
2364 3116 2516 3162 veteri

1481 3194 1742 3258 scriptura.
1760 3191 2049 3241 Gulielmius
2067 3193 2240 3240 maluit
2252 3191 2484 3258 injectare
2497 3211 2516 3250 .-

1484 3273 1570 3337 qui
1605 3273 1723 3320 serit
1743 3307 1759 3333 ‚
1799 3271 2063 3320 intervallis
2099 3270 2200 3318 suis
2234 3271 2434 3332 injectat
2463 3273 2515 3320 iu

1484 3368 1656 3417 agrum
1675 3368 1864 3412 semem
1884 3354 1951 3400 ita
1972 3352 2058 3416 qui
2084 3350 2323 3416 loquitur,
2342 3353 2516 3400 distin·
2585 3371 2596 3385 ¹

1489 3432 1654 3482 ctione
1694 3443 1822 3482 certa
1841 3467 1856 3492 ,
1895 3433 1950 3480 in
1988 3431 2180 3479 animos
2226 3447 2515 3481 sermonem.

1486 3511 1644 3560 Etiam
1671 3511 1767 3576 legi
1793 3520 1959 3576 posset
1983 3509 2294 3574 interjectam
2310 3546 2328 3572 ‚
2371 3527 2515 3575 argu·

1488 3592 1588 3639 tius
1614 3591 1780 3639 forsan
1805 3602 1855 3639 et
1879 3590 2097 3638 latinius.
2122 3591 2289 3640 Gnrr.
2308 3617 2379 3627 -—-
2399 3591 2514 3640 sch.

1488 3680 1747 3734 postquam
1774 3669 1862 3718 has
1883 3668 2098 3716 diversas
2121 3667 2356 3716 lectiones
2381 3680 2520 3718 retu-

1490 3748 1582 3809 lit,
1623 3763 1790 3796 verum
1817 3759 1917 3806 eat,
1946 3747 2142 3810 inquit,
2179 3743 2467 3798 intersecare
2497 3768 2514 3797 :

1491 3827 1758 3892 respondet
1803 3828 1933 3874 enim
1977 3825 2282 3874 antecedenti
2326 3825 2518 3875 dimisio-

1493 3906 1648 3956 nibus.

1565 3987 1613 4033 3.
1641 3987 1808 4033 Sermo
1839 3983 1888 4030 in
1919 3981 2204 4030 narratione
2240 3995 2325 4032 ese.
2352 3983 2517 4036 Graev.

1490 4064 1669 4128 probat
1703 4065 1961 4112 lectionem
1995 4061 2110 4109 cod.
2137 4061 2238 4109 Erl'.
2279 4062 2370 4112 «in
2411 4081 2521 4114 nar-

1493 4143 1730 4192 rationem
1750 4166 1794 4190 a.
1823 4143 1938 4192 Non
1965 4140 2162 4189 accedo.
2184 4141 2300 4189 Sca.
