2982 4682
469 347 595 422 152
1143 351 1237 419 M.
1293 351 1368 418 T.
1421 353 1905 421 CICERONIS

459 489 712 544 notum
733 526 753 558 ,
797 471 914 543 cui
955 495 1370 570 praenomen
1403 474 1493 543 sit
1525 473 1854 557 Decin103
1882 471 2144 543 deinde
2170 470 2427 546 facile⁶
2456 477 2592 547 erit

460 583 723 654 similes
762 597 968 654 notas
1011 583 1270 679 quinto
1313 606 1609 688 quoque
1646 582 1807 653 loco
1845 580 2221 654 collocare.

557 698 742 764 XIX.
800 699 979 764 Item
1037 681 1493 764 commodius
1548 706 1657 763 est
1700 693 1775 762 in
1828 690 2202 778 derelicta,
2250 695 2471 790 quam'
2513 697 2589 765 in

458 802 726 874 celebri
757 804 1049 900 regione
1081 803 1280 874 locos
1312 825 1779 900 comparare.
1820 817 2203 899 propterea
2230 802 2433 900 quod
2462 801 2591 876 fre-

461 913 800 1011 quentia,
859 927 933 984 et
973 909 1468 984 obambulatio
1505 911 1882 983 hominum
1928 912 2314 984 conturbat
2365 928 2437 984 et
2474 915 2587 984 in-

340 1064 363 1077 ·
461 1021 700 1096 firmat
752 1024 1146 1120 imaginum
1196 1037 1443 1110 notas;
1496 1022 1812 1095 solitudo
1854 1038 2229 1095 conservat
2276 1026 2591 1122 integras

460 1131 1010 1206 simulacrorum
1028 1131 1315 1230 figuras.
1335 1137 1679 1205 Praeterea
1699 1132 2075 1205 dissimiles
2094 1131 2352 1204 forma¹
2370 1150 2590 1234 atque

460 1257 718 1314 natura
755 1242 895 1314 loci
931 1242 1394 1340 comparandi
1430 1256 1642 1330 sunt,
1684 1257 1767 1314 ut
1796 1241 2131 1315 distincte
2157 1243 2589 1316 interlucere

463 1355 787 1451 possint²
815 1379 830 1420 :
864 1376 1030 1422 nam
1073 1354 1131 1422 si
1161 1353 1324 1448 quis
1343 1343 1569 1423 inulta
1593 1352 2143 1424 intercolumnia
2173 1355 2595 1451 sumpserit,-

463 1458 1019 1534 conturbabitur
1033 1459 1498 1534 similitudine
1522 1461 1847 1533 locorum
1866 1458 1895 1505 ³
1903 1477 2022 1550 ,ut
2041 1463 2323 1560 ignoret
2339 1469 2396 1550 ⁴,
2410 1463 2586 1560 quid

461 1593 761 1667 quoque
805 1573 879 1640 in
920 1571 1080 1643 loco
1121 1570 1509 1642 collocarit.
1530 1571 1739 1667 (xlx.)
1778 1577 1865 1652 Et
1902 1572 2393 1678 magnitudine
2438 1598 2593 1644 mo-

461 1678 620 1750 dica
677 1677 795 1778 [et
827 1669 1266 1754 mediocres⁵
1286 1677 1312 1781 ]
1361 1681 1563 1751 locos
1617 1680 1885 1753 habere
1931 1696 2268 1779 oportet:
2310 1707 2473 1752 nam
2517 1697 2591 1754 et

465 1803 722 1887 praeter
783 1789 1082 1862 modum
1144 1791 1399 1890 ampli,
1457 1815 1665 1887 vagas
1715 1792 2061 1888 imagines
2117 1790 2464 1880 reddunt3
2517 1806 2593 1863 et

461 1900 674 1972 nimis
709 1903 1028 1998 angusti,
1071 1899 1256 2000 saepe
1289 1925 1446 1972 non
1489 1900 1825 1971 videntur
1868 1925 2075 1997 posse
2111 1925 2367 2000 capere
2409 1903 2588 1972 ima-

462 2011 714 2108 ginum
750 2011 1319 2084 collocationem.
1368 2015 1554 2082 Tum
1602 2033 1735 2082 nec
1784 2010 1994 2081 nimis
2040 2009 2389 2097 illustres,
2454 2035 2590 2082 nec

462 2119 927 2194 vehementer
977 2121 1328 2194 obscuros
1373 2122 1571 2193 locos
1631 2119 1882 2191 haberi
1930 2135 2257 2217 oportet,
2312 2145 2403 2193 ne
2462 2135 2590 2192 aut

465 2230 919 2305 obcaecentur
953 2210 1319 2304 tenessris
1304 2231 1682 2328 imagineS‚
1722 2244 1850 2302 aut
1891 2227 2273 2328 splendore
2312 2227 2587 2328 praeful-

537 2408 588 2457 6.
616 2405 804 2456 Devade
815 2404 979 2471 facile
1003 2404 1108 2454 erit.
1150 2404 1352 2453 «Facile
1391 2404 1483 2451 erit

467 2486 730 2551 deinceps-
745 2520 760 2545 ,
788 2482 1046 2534 Schiitzim
1063 2500 1075 2533 :
1093 2486 1268 2542 Recte,
1293 2482 1452 2549 inquit
1464 2516 1480 2542 ,

463 2565 660 2614 additur
681 2563 905 2629 deinceps
939 2564 991 2612 in
1011 2564 1138 2613 Mss
1161 2562 1314 2611 tribua
1350 2562 1482 2626 apud

467 2645 689 2694 Gronov,
704 2644 820 2693 item
837 2642 914 2693 ed.
936 2643 1142 2693 Mediol.
1162 2652 1210 2691 et
1229 2639 1480 2691 Cratandr.

465 2724 706 2788 probante
730 2724 872 2771 etiarn
915 2721 1142 2771 Oudend.
1183 2720 1372 2769 Deinde
1396 2736 1482 2767 an-

469 2814 564 2851 tem
579 2802 695 2851 ideo
713 2802 1040 2869 expunximus
1051 2836 1066 2861 ‚
1084 2799 1218 2866 qnod
1241 2798 1484 2865 epodosin

467 2882 656 2947 turbat,
681 2891 764 2942 et,
787 2897 936 2947 quum
973 2892 1202 2945 sequatur
1223 2879 1448 2943 deinceps
1467 2912 1483 2937 ,

466 2964 630 3026 inepte
651 2961 911 3010 redundat.
933 2962 1069 3009 Idem
1094 2958 1352 3008 delendum
1371 2975 1482 3007 een-

465 3040 600 3089 tebet
634 3042 822 3091 Eme-st.
851 3062 876 3081 α
894 3038 1052 3087 Facile
1092 3040 1182 3086 erit
1208 3038 1438 3103 deinceps
1454 3058 1476 3079 ·

462 3118 544 3166 ed.
562 3117 698 3167 Med.
733 3118 883 3183 1498.

534 3198 678 3245 xlx.
709 3211 731 3247 1
744 3233 757 3248 .
780 3200 1010 3245 Praeterea
1031 3192 1478 3261 dissimilesforma.

464 3276 616 3327 Pelet.
660 3291 757 3323 sec.
787 3284 943 3339 quart.
979 3286 1143 3323 sextus
1171 3287 1435 3339 propterea
1459 3292 1478 3321 .-

463 3353 662 3421 quidem
681 3354 824 3403 etiam
851 3352 1092 3402 dissimili.
1120 3355 1291 3403 Gaur-

533 3451 583 3484 a.
619 3436 684 3484 Ue
713 3430 938 3481 distincte
965 3432 1250 3482 interlucere
1269 3432 1477 3497 possim.

462 3516 674 3578 Quinam
695 3511 1016 3563 interluceant
1034 3514 1056 3561 ?
1076 3514 1228 3559 Immo
1243 3547 1258 3571 ,
1284 3522 1340 3561 ut
1366 3512 1480 3577 opi·

459 3608 580 3653 nor,
603 3592 635 3641 i.
657 3592 830 3658 possit.
859 3592 939 3641 Sic
977 3592 1086 3639 Liv.
1107 3593 1157 3650 1,
1186 3598 1242 3648 4,
1263 3590 1480 3654 «quibus

458 3670 645 3737 aliquid
662 3672 788 3719 inter
811 3670 1007 3718 ordines
1023 3668 1322 3717 interlucet».
1341 3670 1474 3719 Eun.

460 3749 741 3801 —Schiitz.
787 3760 876 3798 «ut
911 3748 1158 3797 distinctio
1189 3748 1476 3799 interlucere

457 3830 612 3896 possit
625 3850 667 3876 ιι.
688 3827 1086 3878 limena-tionem
1123 3838 1364 3885 nostram,
1399 3829 1473 3876 in·

457 3909 586 3973 quit,
614 3907 752 3955 facile
770 3905 1050 3971 probabunt
1067 3940 1081 3966 ,
1098 3906 1214 3970 qui,
1236 3906 1357 3971 qnid
1370 3924 1479 3959 aen.

457 4006 540 4039 uu
561 3988 612 4036 h.
633 3986 670 4035 l.
695 3984 932 4051 postulet,
957 3986 1300 4049 reputaverint.

531 4070 576 4119 ³.
600 4063 920 4115 similitudine
944 4063 1177 4113 Iocorum.
1222 4064 1375 4115 Abest
1403 4067 1478 4117 Io·

1567 2418 1733 2450 eorum
1767 2400 1830 2452 ab
1864 2401 1979 2453 edd.
2012 2404 2168 2464 1476,
2200 2402 2402 2452 mediol.
2434 2407 2589 2468 1⁴98.

1642 2489 1691 2538 4.
1722 2483 1787 2529 Ut
1810 2480 2013 2546 ignoret.
2030 2479 2229 2533 Sehiitz.
2260 2494 2310 2531 et
2326 2481 2589 2548 fenerabit.

1568 2564 1783 2610 Auctore
1805 2562 2031 2611 Ondeud.
2071 2562 2233 2627 inquit
2246 2597 2261 2622 ,
2290 2565 2556 2628 recepimus
2570 2598 2586 2623 ,

1568 2650 1741 2705 utpote
1749 2641 2119 2705 consequutloni
2132 2644 2586 2707 tempornmaptius.

1571 2748 1641 2759 —
1655 2724 1718 2769 Ee
1750 2719 1999 2787 ignorabit
2020 2721 2137 2771 edd.
2168 2732 2287 2771 vett.
2312 2722 2407 2770 Sed
2432 2721 2587 2771 multo

1570 2800 1740 2850 melius
1774 2801 1966 2850 videtur
2004 2801 2141 2865 qnod
2172 2818 2237 2850 ex
2275 2802 2496 2851 Erneetlo
2536 2813 2587 2851 et

1568 2879 1674 2928 alib
1698 2880 1861 2929 multis
1894 2878 2131 2929 dedimus.

1640 2959 1689 3008 5.
1712 2960 1775 3007 Be
1796 2958 2131 3024 magnitudine
2166 2958 2359 3007 modica
2398 2968 2449 3005 ee
2483 2974 2587 3006 me-

1568 3036 1769 3096 dioeres.
1796 3036 1993 3091 Schiitz.
2024 3038 2152 3099 «jam
2180 3048 2231 3085 et
2255 3037 2587 3103 magnitudine

1570 3116 1760 3165 modice
1780 3139 1823 3165 n.
1847 3120 1905 3165 In
1931 3118 2019 3166 MS
2044 3118 2227 3167 Caueh.
2257 3129 2331 3166 eat
2365 3134 2511 3165 anam
2536 3129 2587 3167 et

1569 3196 1898 3259 magnitudine
1928 3194 2116 3244 modica
2138 3218 2186 3257 n,
2218 3197 2349 3245 unde
2367 3196 2587 3245 GraevIua

1570 3285 1697 3323 recte
1722 3276 1957 3337 conjecit,
1988 3297 2013 3317 ι
2027 3277 2126 3337 jam
2146 3287 2193 3324 et
2208 3293 2276 3324 m.
2296 3292 2360 3325 m.
2375 3298 2400 3318 a
2428 3277 2589 3341 legen-

1568 3352 1685 3400 dnm
1712 3370 1832 3402 esse.
1852 3382 1921 3391 —
1946 3354 2015 3401 Ee
2038 3354 2312 3403 mediocres.
2347 3355 2587 3404 Fabricia-

1568 3447 1691 3490 num,
1708 3432 1793 3479 «id
1814 3442 1885 3480 est
1908 3431 2203 3483 mediocres:
2226 3456 2251 3476 ι·
2266 3434 2387 3482 adeo
2410 3446 2463 3483 ut
2482 3436 2587 3483 Gn-

1566 3508 1774 3559 lielmine
1790 3512 1965 3560 habeat
2004 3536 2029 3556 .-
2054 3524 2103 3561 et
2126 3512 2395 3561 medioeres
2412 3535 2437 3555 ι·
2452 3551 2467 3576 ,
2491 3530 2586 3579 pro

1568 3591 1868 3657 glossemate.
1912 3595 2025 3641 Erat
2049 3592 2099 3640 in
2129 3592 2231 3641 Pal.
2271 3592 2446 3656 quinto
2484 3608 2587 3641 nex

1566 3672 1765 3735 magnit.
1788 3670 2016 3719 modica-
2030 3704 2047 3727 ‚
2070 3671 2204 3734 quod
2222 3672 2467 3719 excutient
2484 3670 2588 3735 qui-

1562 3748 1655 3798 bus
1676 3750 1830 3798 otInm
1858 3760 1932 3797 est
1952 3764 2050 3813 quo
2078 3764 2234 3797 careo.
2264 3752 2497 3799 Gau-rn-
2514 3776 2587 3787 —-

1561 3830 1808 3877 Ernestius
1832 3844 2029 3893 quoqne
2041 3850 2066 3870 α
2078 3838 2130 3875 et
2144 3828 2442 3877 mediocres·-
2461 3828 2589 3892 gloe-

1566 3924 1692 3957 κω·
1734 3908 1926 3973 putarit
1944 3942 1960 3968 ,
2002 3909 2268 3973 praesertim
2306 3923 2456 3971 quum
2490 3904 2585 3953 ab·

1567 3998 1691 4035 esset
1711 3985 1773 4033 ab
1792 3986 1869 4035 ed.
1890 3994 2037 4055 1474.
2056 3990 2280 4050 Quorum
2295 3986 2586 4037 aneton-inte

1568 4066 1797 4115 inductus
1826 4062 2019 4117 sehiiu.
2054 4068 2255 4117 omnino
2282 4066 2473 4118 delevit.
