2982 4682
472 383 615 476 474
1148 383 1244 450 Μ.
1296 382 1373 449 Τ.
1432 381 1920 455 cIOERole

474 474 801 585 cultatis‘,
826 497 901 570 id
922 553 943 585 ‚
982 500 1185 595 quod
1210 502 1654 575 adversarius
1681 504 2066 599 intelligat,
2098 505 2329 576 multo
2359 509 2608 578 minus

476 609 859 681 commode
884 608 1043 681 fieri
1070 632 1312 709 posse,
1349 636 1570 710 quam
1605 613 1712 699 id,
1749 611 1948 710 quod
1973 638 2110 685 nos
2141 614 2604 711 accipimus9,

476 720 679 819 quod
706 720 896 791 illius
916 722 1025 792 rei
1046 746 1287 818 neque
1308 723 1831 794 administratio
1847 772 1867 809 ,
1897 746 2140 821 neque
2165 725 2398 795 exitus
2411 725 2605 795 ullus

478 846 741 918 exstet,
783 854 921 901 nos
957 832 1157 927 quod
1193 831 1550 921 dicamus,
1602 831 1808 904 facile
1845 846 1916 903 et
1953 833 2605 905 commode-trans-

476 942 573 1037 igi
608 964 841 1037 posse.
874 944 981 1011 Ut.
1017 944 1094 1011 in
1133 942 1269 1013 hac
1313 942 1467 1039 lege
1503 942 1722 1039 (nihil
1759 943 1950 1013 enim
1984 942 2324 1040 prohibet
2358 941 2602 1015 fictam

474 1052 785 1149 exempli
830 1051 992 1122 loco
1034 1075 1346 1148 ponere,
1384 1076 1536 1150 quo
1584 1050 1860 1123 facilius
1907 1077 2024 1123 res
2067 1051 2599 1149 intelligatur):

456 1154 851 1233 'Minui-rau
886 1186 1224 1233 conexum
1252 1188 1548 1255 Auitum
1583 1188 1676 1233 lm
1697 1165 1757 1207 ¹⁰
1779 1186 2080 1233 nanno.
2113 1166 2190 1233 St
2217 1184 2608 1248 nnumin,

478 1294 773 1343 ronnei
816 1296 1019 1357 Βετος
1072 1285 1323 1343 contra
1362 1297 1528 1344 eum
1549 1326 1567 1357 ‚
1601 1270 1729 1368 qui
1767 1273 2217 1343 meretricem
2251 1267 2606 1369 publicari

480 1382 671 1453 dicat
708 1405 795 1451 ex
838 1382 992 1479 lege
1030 1398 1403 1477 oportere,
1445 1396 1688 1480 posset
1735 1381 1983 1466 dici11,
2025 1410 2060 1445 «
2089 1383 2344 1477 Neque
2379 1379 2606 1450 admi·

484 1493 977 1561 nistrationem
1028 1514 1181 1561 esse
1232 1492 1449 1561 ullam
1497 1490 1806 1588 publicae
1863 1488 2304 1574 meretriciS,
2365 1513 2609 1585 neque

480 1603 752 1671 exitum
788 1600 963 1697 legis
995 1601 1069 1673 in
1108 1603 1485 1673 meretrice
1521 1598 1979 1699 publicanda.
2019 1606 2110 1676 At
2147 1605 2220 1671 in
2255 1624 2434 1671 auro
2473 1625 2606 1697 pu-

480 1708 814 1781 blicando
851 1723 925 1781 et
959 1711 1656 1783 administrationem
1685 1724 1756 1784 et
1792 1716 2059 1783 exitum
2104 1710 2382 1783 facilem
2417 1734 2607 1794 esse,

482 1834 557 1891 et
592 1820 1039 1891 incommodi
1076 1822 1255 1892 nihil
1296 1824 1608 1894 inesse».

575 1932 755 1999 XLI.
813 1930 1013 2027 (xm.)
1066 1936 1167 2003 Ac
1222 1932 1608 2030 diligenter
1651 1930 1829 2002 illud
1882 1954 2180 2028 quoque
2238 1928 2613 2000 attendere

482 2039 886 2137 oportebit,
948 2066 1158 2129 num,
1212 2042 1339 2112 illo
1386 2038 1726 2141 probato,
1771 2039 1973 2138 quod
2019 2033 2464 2110 adversarius
2497 2040 2612 2106 in·

482 2148 790 2245 telligat,
828 2151 1075 2221 utilior
1111 2176 1263 2239 res,
1294 2167 1419 2223 aut
1456 2151 1853 2237 honestior,
1890 2164 2016 2219 aut
2049 2150 2276 2245 magis
2293 2170 2616 2218 necessa-

480 2257 622 2345 ria,
663 2282 702 2327 a
740 2262 1093 2357 scriptore.
1128 2260 1451 2358 neglecta
1474 2259 1825 2332 videatur.
1857 2256 1942 2329 ld
1979 2257 2140 2347 fiet,
2173 2260 2230 2327 si
2269 2255 2379 2340 id,
2413 2256 2614 2355 quod

484 2392 618 2439 nos
654 2367 1383 2456 demonstrabimus¹,
1428 2370 1817 2442 honestum
1841 2423 1860 2457 ,
1909 2384 2035 2441 aut
2067 2369 2282 2456 utile,
2323 2381 2448 2440 aut
2485 2393 2616 2439 ne-

480 2482 867 2550 cessarium
910 2479 1613 2580 demonstrabimus3
1669 2495 1782 2567 et,
1835 2482 1895 2550 si
1949 2475 2060 2568 id,
2109 2479 2310 2575 quod
2359 2477 2451 2550 ab
2491 2477 2616 2548 ad-

480 2591 808 2662 versariis
876 2589 1162 2662 dicetur
1184 2645 1203 2679 ,
1256 2593 1560 2662 minime
1616 2589 1972 2686 ejusmodi
2042 2589 2364 2662 dicemus
2434 2611 2612 2659 esse.

480 2697 761 2771 Deinde
800 2701 859 2771 si
894 2703 968 2770 in
1008 2701 1163 2804 lege
1202 2703 1339 2773 erit
1376 2727 1464 2773 ex
1501 2699 1848 2799 ambiguo
1881 2702 2409 2785 controversia,
2445 2697 2616 2768 dare

481 2833 777 2906 operam
805 2811 1208 2908 oportebit,
1242 2827 1323 2883 ut
1357 2811 1449 2883 de
1484 2837 1604 2900 eo,
1647 2811 1848 2908 quod
1882 2809 2325 2881 adversarius
2360 2808 2618 2879 intelli-

480 2933 634 3016 gat,
677 2919 813 2990 alia
864 2921 940 2990 in
998 2920 1153 3017 lege
1212 2936 1504 2993 cautum
1558 2947 1712 2992 esse
1763 2920 2131 2991 doceatur.
2170 2916 2616 2990 Permultum

482 3043 722 3099 autem
786 3028 1117 3126 proficiet
1169 3030 1347 3102 illud
1404 3031 1942 3117 demonstrare,
1999 3025 2614 3127 quemadmodum

482 3139 912 3235 scripsisset,
966 3141 1025 3212 si
1084 3141 1197 3228 id,
1255 3139 1457 3240 quod
1518 3139 1968 3213 adversarius
2021 3141 2358 3236 accipiat,
2413 3135 2612 3220 fieri,

480 3262 605 3320 aut
639 3248 940 3346 intelligi
982 3252 1376 3325 voluisset:
1424 3264 1509 3322 ut
1552 3253 1628 3321 in
1689 3251 1827 3322 hac
1879 3271 2124 3338 causa,
2185 3249 2262 3320 in
2319 3271 2463 3345 qua
2520 3245 2614 3317 de

480 3359 659 3428 vasis
686 3361 1039 3457 argenteis
1077 3365 1443 3460 quaeritur,
1480 3363 1710 3461 possit
1755 3361 2013 3432 mulier
2049 3359 2332 3446 dicere,
2362 3355 2614 3430 «Nihil

478 3471 851 3542 attinuisse
900 3472 1239 3560 adscribi,
1284 3498 1445 3559 ρυλε
1493 3498 1758 3559 vourr,
1813 3475 1873 3542 si
1924 3471 2214 3543 heredis
2260 3469 2616 3540 voluntati

550 3729 601 3779 9.
627 3716 775 3779 Quod
798 3733 887 3766 noe
910 3717 1189 3784 accipimus,
1212 3728 1309 3766 ete.
1328 3715 1509 3766 schit—
1675 3732 1696 3762 ι
1711 3731 1754 3762 1.
1779 3717 1954 3764 Pouet
1981 3715 2100 3766 diei.
2125 3715 2322 3766 Sohi'uz.
2359 3716 2446 3766 dat
2461 3719 2624 3782 possit

489 3795 591 3842 zius
629 3793 713 3842 dat
750 3797 887 3860 quod
916 3815 1007 3846 nos
1046 3795 1373 3862 accipiamus,
1408 3807 1504 3844 ete.
1597 3794 1721 3856 dici,
1751 3795 2103 3844 consecutione
2133 3807 2506 3860 temporum,ut
2523 3798 2590 3845 ait
2607 3831 2622 3854 ,

483 3871 705 3920 damnata
726 3875 857 3938 vulg.
1597 3875 1900 3940 postulante.

560 3959 640 3992 ιο.
666 3945 745 3992 Ne
764 3945 955 3992 habeto.
978 3945 1177 3994 Latiam.
1198 3962 1298 3994 non
1310 3945 1508 3996 habeto.
1669 3957 1806 4004 XLI,
1837 3970 1880 4003 ι,
1903 3955 2050 4017 Quod
2062 3969 2154 4002 nos
2171 3953 2626 4004 demonstrabimus,

498 4022 635 4070 Idem
660 4023 809 4074 habet
834 4024 1107 4087 exemplum
1140 4029 1466 4088 Hermogenes
1488 4060 1506 4087 ,
1601 4031 1799 4082 Scbiitz.
1817 4033 1902 4082 dat
1919 4033 2194 4097 «quodum
2211 4032 2488 4085 dic-mm».
2509 4036 2622 4082 Jam

495 4101 655 4148 Psi-tit.
684 4121 735 4166 p.
769 4105 881 4152 116.
908 4108 957 4154 J.
986 4107 1041 4152 V.
1064 4106 1118 4154 L.
1605 4113 1870 4163 Lambinus
1901 4113 2098 4163 dederat
2121 4112 2350 4162 dicemus.
