2982 4682
467 353 604 474 372‘
1149 373 1248 442 M.
1301 375 1376 440 T.
1435 373 1911 450 oecERoms

459 505 538 570 in
580 523 733 596 quo
765 499 1146 596 perspicue
1183 492 1642 566 mendacium
1680 509 1827 580 est,
1876 493 2019 564 hoc
2056 491 2279 564 modo
2311 519 2327 562 :
2356 495 2389 557 ἐκ
2420 499 2581 568 Non

461 625 704 710 potest
728 631 882 680 esse
917 607 1240 703 sapiens,
1278 605 1406 701 qui
1448 603 1835 702 pecuniam
1890 601 2218 700 negligit3
2260 605 2587 674 Socrates

463 733 703 792 autem
743 715 1124 814 pecuniam
1151 711 1597 810 negligebat3
1626 736 1775 783 non
1812 713 2030 809 igitur
2058 713 2339 809 sapiens
2366 728 2518 785 erat
2530 731 2585 782 1».

461 832 865 899 Commune
884 839 1024 912 est,
1041 821 1240 921 quod
1271 821 1500 893 nihilo
1526 826 1751 920 magis
1768 820 1859 892 ab
1886 820 2340 911 adversariis,
2366 847 2583 920 quam

461 967 502 1011 a
539 937 751 1010 nobis
803 929 1052 1023 facitss,
1113 935 1256 1005 hoc
1300 933 1523 1012 modo
1566 960 1584 1002 ε
1631 961 1666 998 α
1700 931 2014 1020 Idcir00‚
2044 932 2356 1026 judices»,
2412 936 2585 1030 quia

457 1073 698 1121 veram
720 1069 1006 1119 causam
1030 1042 1386 1115 habebam
1407 1099 1428 1130 ,
1453 1043 1659 1116 brevi
1688 1046 2086 1140 peroravi».
2106 1042 2415 1141 Vulgare
2442 1059 2549 1114 est
2564 1099 2583 1131 ‚
2602 1113 2617 1139 ,

459 1158 662 1257 quod
689 1157 764 1226 in
791 1157 1002 1228 aliam
1031 1176 1330 1250 quoque
1374 1177 1529 1224 rem
1578 1177 1729 1223 non
1770 1149 2252 1250 probabilem,
2296 1156 2357 1222 si
2386 1177 2585 1224 nunc

459 1289 882 1340 concessum
901 1265 991 1334 sit
1009 1315 1029 1351 ‚
1050 1260 1422 1333 transferri
1453 1263 1681 1360 possit
1698 1316 1717 1349 ‚
1750 1259 1893 1332 hoc
1916 1261 2169 1332 modo:
2195 1291 2230 1328 α
2248 1263 2321 1331 Si
2342 1285 2581 1357 veram
2622 1317 2629 1320 -

461 1400 744 1449 causam
775 1398 926 1445 non
973 1363 1310 1460 habere't,
1354 1371 1562 1442 vobis
1604 1395 1712 1459 se,
1741 1369 2017 1466 judices
2036 1425 2054 1460 ‚
2092 1396 2241 1442 non
2291 1373 2585 1442 commi-

459 1490 780 1558 sisset9».
821 1487 1012 1553 Leve
1051 1497 1196 1568 est,
1231 1479 1434 1577 quod
1464 1495 1593 1551 aut
1626 1495 1793 1579 post
1830 1496 2114 1577 tempus
2132 1479 2421 1568 dicitur,
2443 1480 2585 1551 hoc

461 1595 682 1672 modo
725 1621 742 1664 z
775 1616 814 1658 u
837 1593 910 1662 Si
952 1593 1030 1662 in
1065 1606 1388 1666 mentem
1429 1593 1776 1679 venisset,
1820 1615 1973 1662 non
2016 1590 2485 1672 commisisset
2512 1617 2585 1678 »ς

459 1719 584 1776 aut
617 1704 678 1774 si
719 1700 1094 1798 perspicue
1113 1711 1176 1746 ¹⁰
1215 1725 1370 1772 rem
1400 1714 1692 1798 turpem
1724 1699 1861 1772 levi
1892 1715 2133 1797 tegere
2160 1699 2315 1772 vult
2341 1698 2585 1770 defen·

459 1816 695 1896 sione,
737 1809 880 1882 hoc
907 1809 1130 1906 modo
1161 1838 1178 1879 ε

657 1945 852 2014 Quum
887 1951 943 1996 te
974 1929 1388 2016 expetebant³¹
1415 1957 1652 2009 omnes,
1682 1939 2089 1999 florentissimo

649 2036 852 2109 Regno
883 2029 1129 2108 reliqui:
1157 2051 1312 2090 nunc
1343 2029 1636 2090 desertum
1666 2030 1740 2090 ab
1774 2031 2083 2103 omnibus,

652 2129 894 2185 Summo
919 2123 1170 2201 periclo,
1195 2123 1318 2182 sola
1346 2135 1410 2181 ut
1439 2125 1774 2197 restituam,
1800 2145 1964 2203 paro.

550 2269 801 2337 XLIX.
842 2269 1228 2335 Remotum
1268 2276 1411 2352 est,
1467 2263 1669 2361 quod
1722 2263 1908 2334 ultra
1961 2287 2180 2362 quam
2233 2267 2397 2337 satis
2438 2283 2581 2353 est,

461 2376 753 2475 petitur,
791 2374 932 2445 hoc
969 2372 1190 2444 modo
1233 2400 1250 2442 :
1291 2402 1326 2438 α
1355 2373 1575 2462 Quod
1618 2374 1679 2443 si
1719 2398 1868 2444 non
1910 2379 1983 2445 P.
2024 2376 2263 2474 Scipio
2306 2382 2577 2449 Corne-

458 2487 624 2558 liam
653 2484 873 2555 filiam
897 2482 1051 2554 Tib.
1081 2483 1412 2553 Graccho
1436 2482 1860 2555 collocasset
1878 2538 1897 2572 ‚
1932 2499 2152 2583 atque
2178 2510 2269 2557 ex
2292 2512 2371 2557 ea
2396 2488 2579 2559 duos

457 2591 858 2669 Gracchos¹
927 2607 1403 2689 procreasset,
1473 2607 1688 2663 tantae
1750 2592 2135 2667 seditiones
2193 2611 2373 2667 natae
2428 2622 2577 2668 non
2636 2626 2641 2631 ·

461 2718 736 2777 essent:
775 2725 1000 2801 quare
1042 2700 1186 2774 hoc
1225 2700 1769 2774 incommodum
1810 2706 2131 2803 Scipioni
2166 2704 2579 2778 adscriben-

460 2815 636 2886 dum
657 2811 943 2884 videtur
961 2840 1018 2881 ιι.
1041 2811 1472 2907 Hujusmodi
1506 2827 1613 2884 est
1638 2812 1758 2884 illa
1783 2838 2081 2912 quoque
2110 2819 2575 2913 conquestio:

653 2945 890 3005 Utinam
920 2964 994 3002 ne
1027 2942 1088 3001 in
1125 2958 1400 3003 nemore²
1427 2944 1587 3003 Pelio
1623 2944 1925 3033 securibus

653 3041 811 3098 Caesa
837 3036 1174 3096 cecidisset³
1202 3034 1448 3116 abiegna
1477 3036 1552 3095 ad
1584 3049 1799 3097 terram
1830 3037 2056 3099 trabes!
2119 3066 2141 3081 κ·

529 3224 578 3273 8.
590 3222 855 3273 commum
875 3232 968 3279 ese,
991 3221 1131 3284 quod
1146 3220 1300 3273 nihilo
1319 3221 1475 3286 magis
1564 3220 1722 3286 goedia
1751 3221 1987 3287 Thyeste.
2014 3224 2119 3271 Ant
2146 3222 2301 3285 levis,
2330 3236 2413 3274 ant
2440 3226 2575 3275 nulla

459 3304 524 3352 ab
549 3301 662 3350 ado.
693 3314 846 3364 quam
881 3316 916 3347 a
941 3299 1080 3349 nobis
1095 3298 1248 3364 facit.
1289 3299 1348 3349 Id
1385 3310 1475 3360 est,
1562 3311 1635 3349 est
1660 3302 1900 3353 defensio.
1936 3304 2118 3352 Omnes
2148 3314 2197 3352 te
2221 3304 2461 3370 suffragiis
2484 3306 2575 3354 ad·

457 3380 596 3445 qnod
629 3379 684 3426 in
715 3388 930 3426 nostrum
967 3376 1160 3427 chusam
1195 3394 1298 3426 non
1323 3380 1475 3443 magis
1558 3381 1837 3441 juvabant:
1866 3398 1973 3431 mea
2008 3398 2155 3448 oper·
2186 3399 2291 3433 non
2318 3380 2422 3433 crat
2454 3386 2579 3434 adeo

459 3458 648 3508 confert
667 3472 814 3521 quam
835 3456 888 3503 in
904 3456 1307 3507 adver-ariorum.
1563 3460 1701 3509 utilis
1728 3474 1743 3509 ε
1769 3471 1817 3508 te
1848 3461 2053 3510 deserui.
2072 3464 2261 3511 Pauor.

529 3553 583 3601 9.
601 3535 656 3583 δι’
681 3551 855 3584 veram
878 3550 1100 3584 caenam.
1121 3570 1136 3585 .
1156 3569 1171 3584 .
1209 3554 1309 3586 non
1341 3554 1475 3586 com·
1632 3540 1819 3587 xux.
1870 3556 1914 3588 ι.
1944 3542 2027 3589 Ea.-
2056 3558 2119 3590 ea
2150 3542 2275 3590 dnos
2314 3543 2579 3593 Gracchos.

459 3616 678 3666 misisset.
695 3616 845 3679 nup.
864 3615 959 3677 373
985 3616 1102 3665 Her.
1124 3618 1192 3675 11,
1213 3619 1298 3667 25.
1564 3617 1741 3665 Monet
1757 3617 1823 3664 nd
1840 3634 1974 3666 oram
2007 3621 2157 3671 Grcv.
2180 3622 2325 3669 etiam
2344 3622 2437 3685 legi
2454 3622 2577 3680 duo,

477 3711 484 3717 ·
535 3712 612 3745 ιο.
647 3696 751 3743 Aue
781 3693 828 3742 si
849 3693 1122 3759 perspicue.
1159 3696 1406 3759 syllabam
1431 3696 1478 3745 si
1564 3694 1769 3759 antiqno
1800 3696 2027 3747 videlicet
2046 3700 2209 3748 modo.
2231 3701 2405 3749 Gnnr.

454 3774 625 3823 addidi
651 3784 892 3838 ooqnmns
915 3772 1062 3821 fidem
1092 3774 1204 3825 cod.
1231 3775 1472 3824 Grevenb.
1634 3788 1685 3823 a.
1754 3774 1953 3823 Utinam
1995 3794 2056 3825 ne
2104 3777 2153 3824 in
2196 3794 2396 3826 nemore
2418 3814 2433 3838 ‚
2481 3790 2577 3827 etc.

459 3856 630 3904 Gnnv.
658 3878 729 3893 --
750 3853 912 3913 Quem
936 3852 1050 3901 Sola.
1069 3864 1118 3901 et
1134 3854 1256 3903 Ern.
1278 3854 1474 3918 sequuti
1560 3854 1743 3903 Venus
1777 3871 1841 3903 ex
1876 3856 2021 3904 Ennii
2052 3856 2422 3923 Medusae-p.
2454 3860 2573 3910 Her.

456 3944 570 3981 sunt
587 3966 602 3991 ‚
623 3942 676 3980 at
699 3946 804 3979 non
831 3931 1026 3979 Lallem.
1562 3934 1641 3993 11,
1668 3948 1755 3982 αα.

533 4026 553 4057 1
567 4026 612 4058 ι.
631 4012 790 4074 Quum
809 4020 856 4057 ee
877 4010 1197 4073 expetebam,
1218 4008 1475 4059 etcNerba
1640 4013 1687 4061 3.
1718 4012 1857 4063 Casa
1888 4014 2153 4065 cecidisset.
2186 4014 2441 4066 Schiitzim
2464 4017 2546 4065 dat
2562 4032 2578 4065 :

461 4088 596 4134 Atrei
623 4087 688 4135 nd
710 4088 970 4152 Thyestem
984 4121 1000 4147 ,
1031 4102 1092 4137 ex
1117 4088 1278 4137 Ennio
1301 4090 1352 4137 in
1380 4100 1476 4139 m·
1566 4114 1591 4133 u
1610 4107 1735 4141 cesa
1754 4092 2009 4144 accidisset
2026 4116 2066 4155 ο,
2088 4094 2371 4159 inducitque
2382 4094 2583 4145 ondon-
