2982 4682
534 398 675 492 458
1214 402 1311 468 M.
1362 402 1439 467 T.
1493 400 1978 470 clcEnums

537 523 712 591 titur
726 514 779 589 3.
808 520 1035 613 Cujus
1072 534 1307 617 partes
1340 536 1512 594 sunt
1533 520 2068 617 duae,purgatio
2107 534 2180 590 et
2214 519 2646 617 deprecatio.

535 632 919 726 Purgatio4
975 642 1122 715 est,
1178 653 1309 725 per
1346 654 1568 726 quam
1607 631 1800 723 ejus,
1855 630 1980 726 qui
2033 644 2440 717 accusatur,
2473 620 2646 703 ‘non

534 740 799 811 factum
832 739 1065 837 ipsum
1085 793 1104 824 ,
1144 738 1269 809 sed
1297 740 1634 812 voluntas
1657 738 2090 811 defenditur.
2117 742 2215 809 Ea
2242 739 2463 811 habet
2490 765 2648 838 par-

536 864 645 921 tes
678 864 857 933 treS,
903 848 1501 946 imprudentiam,
1545 838 1829 932 casum,
1875 848 2474 921 necessitudinem
2495 840 2546 919 ⁵.

628 954 1161 1055 Imprudentia⁶
1202 974 1346 1045 est,
1366 982 1616 1055 ,quum
1663 962 1876 1029 scisse
1925 957 2193 1054 aliquid
2231 960 2322 1044 is,
2361 961 2488 1054 qui
2529 984 2642 1030 ar*

534 1068 797 1164 guitur,
822 1082 1124 1163 negatur
1152 1094 1183 1138 t.
1204 1070 1355 1139 «Ut
1380 1067 1575 1167 apud
1607 1068 1956 1164 quosdam
1989 1067 2106 1154 lex
2137 1082 2320 1154 erat,
2355 1092 2448 1141 ne
2483 1070 2644 1165 quis

533 1179 775 1251 Dianae
810 1178 1111 1249 vitulum
1152 1178 1576 1249 immolaret.
1615 1184 1866 1251 Nautae‘
1896 1174 2232 1273 quidam,
2263 1202 2492 1273 quum
2525 1178 2644 1249 ad-

533 1310 733 1357 versa
792 1301 1213 1384 tempestate
1272 1290 1349 1357 in
1408 1288 1550 1358 alto
1604 1290 2073 1393 jactarentur,
2129 1302 2527 1373 voverunt,
2583 1289 2640 1358 si

536 1420 645 1466 eo
660 1411 912 1492 portu,
953 1420 1171 1491 quem
1202 1396 1774 1493 conspiciebant,
1815 1397 2025 1494 potiti
2055 1412 2331 1483 essent,
2364 1400 2438 1465 ei
2469 1394 2642 1484 dec,

534 1506 663 1600 qui
707 1504 805 1573 ibi
853 1519 1067 1590 esset,
1113 1530 1189 1576 se
1238 1506 1545 1577 vitulum
1591 1506 2108 1577 immolaturos.
2151 1509 2334 1576 Casu
2379 1519 2528 1575 erat
2567 1506 2642 1574 in

532 1634 617 1682 eo
652 1625 867 1708 portu
917 1611 1167 1683 fanum
1228 1617 1473 1712 Diana}
1517 1615 1708 1710 ejus,
1763 1616 1882 1685 cui
1939 1610 2245 1685 vitulum
2293 1614 2639 1684 immolari

530 1744 683 1789 non
715 1720 994 1792 licebat.
1036 1723 1536 1820 Imprudentes
1568 1725 1774 1820 legis,
1809 1749 2036 1821 quum
2071 1725 2418 1810 exissent,
2453 1726 2640 1795 vitu-

530 1829 680 1899 lum
718 1831 1290 1903 immolaverunt.
1326 1836 1776 1914 Accusantur
1801 1864 1856 1903 ³..
1903 1834 2216 1903 Intentio
2279 1846 2420 1919 est,
2467 1834 2642 1903 «Vi-

530 1940 763 2009 tulum
797 1942 1212 2012 immolastis
1250 1946 1315 2013 ei
1354 1942 1493 2013 deo
1515 1996 1535 2030 ,
1571 1945 1688 2013 cui
1731 1968 1880 2013 non
1909 1941 2168 2013 licebat
2192 1970 2247 2011 n.
2295 1942 2644 2039 Depulsio

529 2062 637 2119 est
686 2052 763 2119 in
820 2053 1283 2123 concessione
1332 2053 1584 2149 posita.
1639 2054 1844 2145 Ratio
1889 2066 2037 2151 est,
2095 2081 2128 2113 a
2165 2052 2640 2122 Nescivi‘non

530 2158 747 2229 licere
782 2188 837 2229 ι».
902 2158 1301 2231 Infirmatio
1366 2173 1475 2231 est
1508 2214 1528 2247 ,
1581 2166 1954 2247 «Tamen,
2003 2162 2350 2256 quoniam
2413 2158 2642 2231 fecisti

526 2266 726 2363 quod
770 2290 920 2337 non
966 2268 1254 2355 licebat,
1312 2294 1400 2341 ex
1443 2270 1598 2367 lege
1635 2270 1992 2367 supplicio
2028 2267 2290 2368 dignus
2325 2294 2400 2341 es
2423 2298 2480 2339 n.
2513 2274 2640 2339 Ju-

526 2374 787 2446 dicatio
820 2392 960 2464 est,
994 2401 1035 2443 α’
1066 2383 1307 2470 Quum
1361 2379 1437 2450 id
1488 2379 1776 2465 fecerit,
1841 2379 2036 2476 quod
2095 2405 2248 2450 non
2293 2395 2638 2477 oportue-

524 2486 659 2567 rit,
694 2501 789 2556 et
846 2485 921 2556 id
970 2511 1118 2558 non
1180 2501 1518 2585 oportere
1585 2490 1919 2560 nescierit
1938 2543 1958 2576 ,
2034 2493 2218 2560 sitne
2284 2489 2640 2587 supplicio

528 2593 787 2690 dignus
817 2627 871 2664 n.
1348 2621 1359 2632 ·

616 2708 879 2778 Casus?
902 2721 1137 2780 sutem
1158 2705 1551 2778 inferetur
1532 2733 1604 2778 m
1646 2711 2221 2793 concessionem,
2259 2731 2482 2804 quum
2511 2705 2635 2778 de·

522 2818 1043 2889 monstrabitur
1082 2818 1323 2914 aliqua
1355 2815 1662 2888 fortuuae
1697 2820 1804 2889 vis
1849 2816 2200 2889 voluntati
2235 2815 2636 2900 obstitisse,

523 2939 605 2994 ut
647 2927 722 2996 in
781 2925 915 2998 hac
972 2954 988 2996 ε
1048 2956 1082 2991 α
1119 2928 1361 3015 Quum
1420 2925 1972 2997 Lacedaemoniis
2025 2926 2139 2996 lex
2185 2920 2458 3010 essetss,
2515 2939 2634 3010 ut,

1620 3165 1716 3212 que
1737 3149 1939 3198 immuto
1957 3164 2014 3196 nc
2038 3147 2182 3212 lego:
2209 3169 2236 3190 ι
2253 3164 2341 3212 per
2357 3163 2504 3210 quam
2529 3163 2635 3196 non

1619 3228 1799 3276 factum
1820 3229 1978 3292 ipsum
1995 3226 2236 3291 probatur
2252 3247 2294 3274 a.
2321 3229 2436 3276 Sca.

1689 3311 1740 3356 3.
1772 3309 1835 3356 Ut
1871 3307 2174 3373 ἰςηοεσαων,
2203 3307 2260 3354 id
2279 3305 2474 3369 petitur.
2497 3304 2636 3354 ond.

1619 3388 1690 3436 sic
1737 3387 2178 3451 interpungendum
2214 3384 2440 3433 eembst
2478 3399 2493 3433 ε
2533 3403 2559 3424 ·
2579 3393 2636 3432 nt

518 3149 620 3195 cuit
644 3147 875 3207 Vossius,
900 3149 1019 3198 Inst.
1048 3150 1185 3197 Orat.
1202 3145 1290 3196 lib.
1319 3149 1395 3196 IX
1412 3183 1427 3208 ,
1454 3148 1534 3196 his

516 3223 678 3273 verbis
702 3239 715 3274 :
746 3246 768 3268 ι
793 3242 935 3289 quem
968 3226 1135 3274 locum
1159 3225 1246 3290 (εἶ’
1265 3226 1395 3290 legas
1436 3226 1532 3274 im·

518 3303 783 3368 probatur)
824 3320 887 3352 ne
922 3304 1121 3368 quidem
1166 3306 1382 3368 gentium
1413 3305 1532 3356 deus

520 3385 719 3442 Hermes
748 3385 903 3448 possit
940 3383 1213 3451 ἑρμηνεύειν.
1251 3386 1375 3434 Nam
1414 3401 1534 3435 con-

517 3465 778 3510 cessionem
800 3463 975 3514 dividit
991 3463 1181 3510 Tullius
1205 3465 1259 3510 in
1285 3464 1534 3528 purgatio-

514 3557 625 3590 nem
638 3577 652 3602 ,
672 3552 721 3589 et
740 3541 1149 3606 deprecationem3
1173 3544 1396 3607 purgatio
1416 3560 1531 3593 vem

516 3624 561 3670 ei
588 3621 840 3682 definitur,
860 3639 947 3686 per
966 3639 1109 3686 quam
1134 3625 1257 3685 ejus,
1280 3624 1367 3688 qui
1384 3641 1531 3675 accu-

514 3714 663 3759 satur,
686 3723 709 3746 ιι
734 3719 835 3750 nou
860 3703 1061 3760 factum,
1088 3703 1177 3750 sed
1202 3704 1425 3752 voluntas
1448 3705 1534 3752 de-

514 3783 785 3832 sendssuu.
832 3785 1053 3845 Pugnant
1100 3794 1267 3831 nutem·
1300 3783 1407 3832 haec
1433 3801 1446 3831 :
1479 3783 1534 3830 in

513 3863 825 3910 concessione
849 3861 1143 3910 voluntatem
1170 3862 1453 3925 improbari3
1476 3863 1532 3918 in

514 3942 799 4003 purgatione
817 3977 833 4000 ,
882 3957 993 4004 qua
1038 3941 1367 4000 concessionis
1414 3955 1528 4004 pars

510 4029 607 4076 est,
633 4019 931 4072 voluntatem
964 4020 1177 4068 defendi.
1210 4023 1377 4082 Itaque
1408 4035 1526 4068 con·

513 4098 741 4146 censionis
758 4097 1093 4150 definitionem
1112 4099 1309 4159 'lenitam
1327 4099 1521 4148 leviter-

1619 3468 1896 3530 iguoscatur
1913 3465 1982 3523 id,
2001 3465 2183 3528 petitur
2195 3484 2241 3511 a.
2269 3467 2386 3512 Sca.

1691 3551 1740 3600 4.
1763 3543 2011 3610 Purgatio.
2039 3543 2116 3592 cf.
2135 3544 2192 3601 1,
2216 3543 2459 3603 ²73110‘-
2488 3543 2531 3598 1,
2551 3549 2632 3597 14.

1621 3625 1819 3674 Πιτι..

1693 3701 1740 3748 5.
1798 3697 2222 3753 Necessiteaedae'nem.
2285 3696 2634 3746 Necessitatem

1620 3783 1806 3830 Victor.
1826 3779 1973 3827 codd.
1991 3778 2129 3828 Laid.
2160 3793 2343 3827 omnes.
2361 3780 2479 3826 Seu.

1692 3861 1740 3908 6.
1785 3857 2124 3926 Imprudentia
2161 3869 2252 3906 est.
2279 3857 2395 3905 vid.
2437 3861 2462 3904 1
2479 3891 2497 3918 ,
2537 3873 2636 3917 ²7³

1619 3943 1735 3990 Her.
1771 3943 1825 3998 1,
1853 3948 1934 4000 α,
1955 3942 2036 3998 11,
2067 3938 2148 3986 16.
2168 3939 2343 3988 Wm

1687 4037 1736 4080 7.
1764 4020 1927 4068 casus.
1948 4020 2034 4066 Est
2061 4017 2180 4065 Her.
2209 4019 2266 4076 1,
2297 4013 2632 4078 raditum.

1687 4101 1736 4146 8.
1766 4101 1868 4146 Lex
1889 4107 2036 4157 esset,
2068 4108 2150 4156 us,
2166 4095 2365 4144 hostias.
2394 4095 2492 4144 Hic
2513 4096 2638 4142 MSS
