2982 4682
754 416 875 482 DE
924 411 1489 483 INVENTIONE
1512 463 1531 496 ,
1578 411 1844 479 LIBER
1895 411 1962 494 Ι,
2017 431 2116 476 ιι.
2370 431 2510 504 299

380 538 533 636 ipsa
564 538 637 607 in
674 561 749 606 se
796 539 1121 607 continet
1154 535 1335 629 juris
1386 548 1460 604 et
1502 532 1782 626 injuriae
1831 531 2324 627 quaestionem.
2381 535 2510 601 As·

382 643 807 748 sumptiva6,
842 669 1005 741 quae
1048 645 1200 741 ipsa
1239 667 1329 714 ex
1374 667 1449 714 se
1488 642 1670 712 nihil
1719 639 1909 711 firmi
1944 639 2068 710 dat
2106 638 2195 712 ad
2231 664 2513 711 recusa-

288 787 299 810 ⁸
380 759 688 844 tionem3
722 755 897 827 foris
923 769 1163 826 autem
1198 752 1470 850 aliquid
1503 750 1960 824 defensionis·
1981 755 2298 822 assumit.
2340 751 2514 845 Ejus

378 883 618 968 partes
660 849 837 938 'sunt
886 875 1284 962 quatuor7,
1341 865 1749 952 concessiO,
1794 864 2105 934 remotio
2147 863 2464 932 criminis
2491 915 2510 948 ,

377 977 633 1048 relatio
672 974 1025 1062 criminis,
1070 975 1538 1072 comparatio,
1593 973 1979 1044 Concessio
2027 967 2186 1043 est⁸
2209 1026 2228 1057 ,
2276 997 2508 1068 quum

376 1112 547 1160 reus
578 1112 731 1158 non
763 1084 834 1156 id
854 1141 873 1174 ,
905 1085 1103 1183 quod
1142 1084 1409 1157 factum
1433 1099 1581 1170 est,
1609 1082 1968 1170 defendit,
1999 1083 2158 1172 sed,
2193 1097 2276 1154 ut
2297 1085 2508 1180 igno-

378 1214 614 1270 scatur
628 1210 685 1287 9,
722 1198 1059 1295 postulat.
1108 1201 1274 1266 Haec
1312 1200 1385 1266 in
1424 1194 1604 1265 duas
1641 1209 1880 1292 partes
1917 1193 2288 1279 dividitur,
2327 1216 2505 1290 pur-

376 1309 735 1402 gationem
774 1322 847 1378 et
890 1306 1854 1404 deprecationem.Purgatio
1885 1314 2095 1393 est¹⁰,
2143 1327 2374 1400 quum
2403 1301 2510 1372 fa-

378 1431 573 1489 ctum
616 1415 1063 1504 conceditur,
1097 1415 1307 1513 culpa
1342 1428 1780 1486 removetur.
1812 1419 1978 1484 Haec
2012 1427 2252 1511 partes
2285 1411 2508 1483 habet

375 1539 553 1612 tres,
577 1525 1138 1624 imprudentiam
1153 1580 1173 1612 ,
1212 1548 1454 1596 casum
1474 1579 1494 1610 ,
1529 1529 2048 1594 necessitatem.
2073 1523 2506 1620 Deprecatio

377 1645 591 1724 estu,
623 1661 853 1732 quum
891 1651 963 1707 et
1000 1657 1361 1733 peccasse,
1394 1648 1467 1704 et
1501 1633 1836 1704 consulto
1866 1657 2196 1730 peccasse
2229 1655 2398 1702 reus
2435 1655 2511 1700 se

377 1746 793 1833 confitetur,
844 1761 918 1816 et
960 1759 1235 1830 tamen,
1268 1759 1353 1814 ut
1388 1746 1839 1841 ignoscatur,
1882 1742 2200 1840 postulat
2244 1768 2260 1810 ε
2305 1740 2508 1836 quod

374 1879 602 1952 genus
630 1881 923 1953 perraro
951 1870 1191 1954 potest
1214 1854 1556 1924 accidere.
1580 1853 1914 1923 Remotio
1934 1863 1996 1894 ¹²
2033 1853 2350 1922 criminis
2371 1865 2507 1937 est,

376 1991 601 2062 quum
642 1965 717 2036 id
756 1968 1063 2054 crimen,
1108 1964 1304 2061 quod
1361 1961 1714 2049 infertur,
1767 1961 1859 2033 ab
1905 1986 1980 2032 se
2035 1976 2108 2032 et
2143 1958 2324 2032 ab¹³
2377 1986 2506 2032 sua

374 2075 585 2171 culpa
603 2129 622 2163 ,
644 2077 709 2144 vi
739 2089 813 2146 et
840 2089 1195 2173 potestate
1220 2075 1296 2143 in
1324 2072 1546 2144 alium
1573 2097 1744 2143 reus
1771 2095 2148 2142 removere
2176 2085 2504 2142 conatur.

370 2185 453 2256 Id
488 2184 872 2283 dupliciter
901 2185 1058 2256 fieri
1094 2186 1400 2282 poterit,
1438 2185 1498 2254 si
1521 2198 1650 2254 aut
1685 2207 1936 2268 causa,
1975 2196 2100 2252 aut
2131 2179 2400 2252 factum
2425 2186 2502 2250 in

371 2296 591 2367 alium
652 2296 1141 2369 transferetur.
1196 2300 1427 2367 Causa
1478 2292 1942 2381 transfertur,
2003 2317 2230 2391 quum
2276 2293 2506 2363 aliena

371 2406 637 2479 dicitur
686 2410 755 2479 vi
792 2424 863 2479 et
904 2421 1256 2511 potestate
1294 2405 1584 2487 factum.
1627 2413 1917 2479 Factum
1957 2419 2235 2493 autem,
2273 2426 2500 2499 quum

371 2516 553 2587 alius
583 2532 707 2587 aut
744 2516 1075 2589 debuisse
1093 2572 1112 2605 ,
1142 2532 1267 2587 aut
1294 2517 1618 2614 potuisse
1646 2514 1883 2587 fac-ere
1911 2515 2197 2585 dicitur.
2229 2512 2506 2585 Relatio

371 2630 766 2701 criminis14
804 2645 949 2715 est,
987 2652 1213 2726 quum
1258 2628 1425 2700 ideo
1452 2631 1616 2725 jure
1655 2627 1926 2699 factum
1961 2626 2261 2716 dicitur,
2302 2624 2502 2723 quod

369 2736 628 2835 aliquis
648 2736 711 2783 ¹⁵
740 2754 907 2810 ante
924 2740 1183 2833 injuria
1203 2740 1609 2810 lacessierit.
1637 2742 2095 2836 Comparatio
2116 2752 2254 2824 est,
2272 2760 2502 2832 quum

441 2890 490 2937 6.
514 2890 835 2956 Assumptiva.
864 2890 1143 2940 Delevimus
1171 2904 1245 2939 ese
1262 2908 1291 2940 e
1324 2892 1389 2939 li-

369 2968 471 3016 bris
494 2971 703 3034 scriptis,
738 2972 879 3018 etiam
907 2972 1040 3020 Caes.
1066 2972 1161 3018 Gu.
1183 2972 1391 3021 En.-

366 3050 681 3115 Assumptiva
697 3083 712 3106 ‚
748 3046 997 3109 ἀντίθεσις,
1027 3052 1106 3099 vel
1129 3047 1390 3107 ἁντιθετικὴ

368 3126 545 3184 στάσις.
565 3129 693 3177 Vide
718 3130 925 3193 Quintil.
948 3129 1050 3177 loc.
1074 3132 1215 3190 iuxta
1248 3130 1384 3185 citat.

367 3209 443 3255 De
460 3209 749 3273 assumptiva
764 3210 955 3257 Tullius
970 3210 1179 3274 amplius
1198 3212 1299 3273 egit
1314 3210 1389 3257 iu-

369 3286 441 3334 fra
464 3288 515 3334 Π
529 3321 546 3346 ,
576 3294 661 3341 ²4-
682 3291 859 3339 Wzn.

440 3382 489 3425 7.
516 3364 635 3431 Ejus
650 3378 819 3431 pones
844 3378 1071 3433 quatuor.
1110 3371 1185 3415 De
1212 3367 1389 3432 quibus

364 3462 493 3509 resp.
512 3448 636 3495 Her.
659 3448 714 3508 1,
740 3454 833 3504 14,
858 3448 945 3495 ubi
966 3464 1075 3513 quae
1092 3446 1144 3494 h.
1160 3445 1194 3495 l.
1216 3447 1389 3495 relatio

366 3524 599 3586 criminin,
614 3538 691 3574 est
712 3526 997 3575 translatio.

436 3604 485 3651 8.
514 3602 765 3652 Concessio
790 3618 873 3653 ese.
896 3606 1055 3654 Abest
1080 3616 1153 3652 ese
1190 3603 1387 3652 Lullem.

362 3678 545 3728 olivet.
572 3682 845 3741 Concessio,
870 3680 1143 3752 συγγνώμη.
1166 3684 1298 3731 Alias
1322 3682 1391 3731 di-

366 3758 493 3805 citur
514 3762 655 3808 venia
684 3772 733 3809 et
758 3773 913 3810 status
929 3762 1163 3819 venialis,
1178 3762 1389 3825 itemque

366 3836 670 3900 deprecatio.
707 3841 835 3889 vide
867 3842 1163 3905 Quintilian.
1181 3858 1239 3905 p.
1274 3843 1388 3896 181,

362 3928 471 3964 not.
492 3918 615 3972 46⁸.
646 3920 863 3971 Curta.

437 4012 487 4058 9.
512 4000 815 4063 Ignoscatur.
848 4002 1109 4051 Lambinus
1129 4002 1265 4050 addit
1280 4000 1389 4049 sibi.

366 4078 575 4123 Senum.

444 4170 521 4203 ιο.
556 4157 789 4219 Purgatio
819 4168 901 4204 est.
925 4159 997 4205 De
1040 4158 1195 4205 tribus
1221 4174 1391 4221 purga·

1479 2892 1630 2939 tionis
1650 2890 1869 2955 partibus
1887 2907 2016 2954 resp.
2037 2892 2152 2938 Her.
2175 2892 2224 2949 1,
2245 2904 2266 2935 1
2279 2890 2515 2947 4.We·1·c.·

1556 2987 1577 3018 1
1593 2988 1613 3017 1
1623 2970 1930 3034 ‚Deprecatio
1944 2980 2031 3017 est.
2049 2972 2218 3019 Groeee
2232 2967 2504 3037 συγγνώμη.

1478 3050 1574 3100 Hic
1596 3060 1758 3097 autem
1783 3048 1837 3097 τὸ
1865 3050 2144 3114 deprecatio
2163 3064 2264 3097 uon
2283 3049 2416 3097 idem
2433 3052 2500 3099 ei-

1478 3128 1678 3193 gniflcat
1693 3164 1708 3187 ,
1729 3130 1866 3193 qnod
1889 3146 1997 3195 cap.
2025 3145 2104 3187 10,
2131 3128 2216 3176 ubi
2240 3141 2504 3195 usurpatur

1475 3224 1570 3271 pro
1597 3208 1886 3273 depulsione
1904 3244 1920 3269 ,
1949 3210 2050 3258 sive
2095 3209 2386 3257 refutatione
2413 3226 2500 3257 ac-

1476 3288 1758 3335 cusationis.
1781 3288 2004 3339 Curru.
2025 3316 2096 3327 ·-·
2109 3290 2259 3353 Resp.
2289 3291 2504 3339 Hereuu.

1476 3364 1592 3415 loco
1621 3367 1792 3415 citato.

1554 3463 1636 3497 ια.
1677 3447 1896 3495 Remotio
1931 3445 2150 3495 criminis
2172 3460 2261 3495 est.
2289 3437 2332 3497 fl
2355 3446 2502 3515 μιτά·

1476 3526 1614 3585 θισις.
1643 3531 1770 3591 Lege
1785 3527 1994 3590 Quintil.
2010 3544 2064 3591 p.
2083 3544 2117 3589 ‚a
2129 3528 2190 3575 81
2207 3562 2222 3587 ‚
2243 3538 2350 3575 uot.
2385 3528 2502 3581 468.

1476 3604 1694 3653 Curn-
1711 3632 1784 3642 —-
1799 3608 1950 3669 Καρ.
1975 3608 2089 3654 Her.
2109 3609 2136 3652 Ῑ
2147 3640 2162 3663 ,
2187 3622 2207 3651 ι
2219 3606 2271 3652 5.

1556 3685 1642 3731 13.
1671 3685 1740 3730 Ee
1761 3684 1828 3731 ab
1847 3698 1940 3731 sem
1965 3684 2092 3748 culp.
2120 3684 2194 3731 Ab
2227 3700 2321 3747 pro
2357 3701 2390 3731 a
2417 3684 2502 3730 dc·

1479 3761 1639 3810 dimus
1657 3779 1685 3809 e
1706 3764 1828 3811 MSS
1843 3796 1858 3822 ‚
1880 3763 2018 3827 quod
2041 3764 2094 3813 h.
2113 3762 2148 3811 l.
2166 3762 2353 3812 melius.
2374 3764 2504 3809 Eur«.

1557 3850 1636 3897 14.
1666 3841 1858 3890 Relatio
1901 3830 2132 3889 criminis.
2172 3828 2503 3909 Ᾰντέγκλημα.

1478 3920 1606 3968 Vide
1619 3921 1792 3983 Quint.
1807 3921 1924 3968 loco
1937 3920 2076 3980 juxte
2097 3922 2264 3967 citato.
2281 3922 2504 3969 Curua.

1480 4002 1720 4065 ——Resp.
1747 4002 1868 4049 Her.
1891 4015 1999 4062 cap.
2029 3998 2116 4054 15,
2147 3996 2231 4044 ubi
2249 4010 2322 4045 est
2351 4008 2508 4047 trans-

1480 4078 1602 4127 latio
1637 4078 1869 4126 criminis.

1565 4174 1579 4203 ι
1594 4158 1640 4205 5.
1677 4158 1822 4220 Quod
1837 4156 2029 4220 uliquis.
2060 4158 2151 4202 Pro
2172 4156 2314 4215 alim,
2344 4174 2370 4204 e
2387 4160 2512 4208 MSS
