2982 4682
482 378 607 449 DE
654 377 1007 445 OPTIMO
1058 377 1429 469 GENERE
1482 378 2038 468 ORATORUM,
2090 384 2158 467 4.
2255 384 2400 482 637

286 502 373 574 tis
403 501 475 569 in
518 498 690 569 loc-is
734 496 1113 593 grandior3
1155 497 1281 569 sed
1314 501 1500 596 quia·
1527 514 1600 569 et
1636 502 1946 597 privatas
1983 504 2100 577 ille
2131 507 2399 603 pleras-

282 633 461 707 que,
506 622 583 679 et
636 630 753 677 eas
806 608 997 703 ipsas
1038 606 1233 694 aliis,
1274 622 1347 679 et
1386 632 1766 705 parvarum
1806 634 2048 682 rerum
2085 619 2408 689 causulas

284 718 607 817 scripsit,
654 715 941 795 videtur
975 738 1123 787 esse
1152 715 1498 811 jejunior,
1536 718 1881 815 quoniam
1921 744 1999 791 se
2043 725 2196 819 ipse
2235 750 2409 799 con-

285 827 477 898 sulto
514 824 606 897 ad
643 827 1091 895 minutarum
1134 848 1399 922 genera
1430 850 1806 898 causarum
1845 828 2214 903 limaverit.

381 940 501 1007 IV.
532 935 685 1030 (w.)
716 934 933 1025 Quod
974 938 1103 1031 qui
1130 936 1231 1005 ita
1266 933 1519 1024 fa'ciet,
1572 952 1688 1021 ut,
1736 939 1792 1007 si
1837 942 2080 1036 cupiat
2121 939 2418 1015 uberior

289 1071 479 1133 esse,
512 1070 663 1117 non
693 1045 953 1142 possit,
996 1042 1351 1115 habeatur
1388 1069 1562 1117 sane
1595 1060 1864 1129 orator,
1903 1042 2028 1119 sed
2059 1047 2150 1121 de
2187 1048 2416 1121 mino-

287 1156 493 1227 ribus
534 1184 551 1227 :
594 1179 853 1253 magno
892 1168 1136 1225 autem
1178 1156 1452 1225 oratori
1509 1158 1724 1227 etiam
1780 1156 1906 1227 illo
1965 1158 2184 1229 modo
2233 1184 2420 1258 saepe

290 1264 679 1337 dicendum
723 1280 835 1336 est
870 1264 945 1333 in
987 1264 1109 1343 tali
1152 1288 1415 1361 genere
1446 1288 1844 1337 causarum.
1875 1269 1978 1335 Ita
2013 1264 2246 1355 fit,‚ut
2270 1274 2417 1341 De-

292 1376 709 1448 mosthenes
734 1389 927 1447 certe
960 1377 1185 1471 possit
1215 1377 1592 1476 summisse
1631 1360 1904 1459 dicere}
1957 1375 2138 1447 elate
2175 1382 2420 1475 Lysias

301 1484 597 1557 fortasse
626 1511 775 1557 non
812 1483 1221 1583 possitxsed
1253 1486 1314 1555 si
1346 1484 1602 1557 eodem
1639 1484 1862 1557 modo
1901 1500 2194 1582 putant,
2223 1514 2420 1561 exer-

291 1600 437 1669 citu
470 1599 549 1667 in
580 1594 743 1667 foro
770 1609 842 1667 et
868 1596 945 1665 in
974 1593 1319 1687 omnibus
1348 1596 1672 1691 templis,
1699 1620 1858 1693 qua:
1885 1597 2156 1667 circum
2183 1596 2420 1671 forum

290 1721 497 1792 sunt,
536 1706 929 1791 collocat0‚
967 1704 1107 1775 dici
1152 1728 1307 1800 pro
1320 1704 1593 1775 Milone
1627 1702 1986 1793 decuisse,
2021 1723 2100 1780 ut
2135 1712 2192 1779 si
2223 1709 2314 1781 de
2339 1735 2420 1783 re

294 1817 567 1911 privata
592 1811 679 1882 ad
706 1837 937 1882 unum
957 1811 1279 1906 judicem
1308 1811 1754 1899 diceremus;
1804 1816 1946 1883 vim
1987 1816 2416 1914 eloquentiae

294 1948 419 1997 sua
448 1922 814 2009 facultate,
858 1947 1007 1993 non
1042 1922 1149 1993 rei
1184 1936 1484 2009 natura,-
1515 1923 1928 1994 metiuntur.
1964 1929 2204 2015 Quare
2233 1956 2416 2025 quo-

296 2036 485 2106 niam
532 2031 1051 2104 nonnullorum
1097 2054 1349 2101 sermo·
1363 2032 1512 2148 jam
1559 2031 1992 2135 increBruit,
2037 2040 2302 2133 partim
2343 2066 2417 2113 se

296 2144 491 2240 ipsos
524 2143 735 2213 attice
762 2138 1041 2227 dicere,
1080 2154 1359 2238 partim·
1372 2164 1736 2219 nemmem
1775 2157 2102 2214 nostrum
2129 2142 2412 2219 dicere:

298 2253 563 2325 alteros
598 2248 1079 2349 negligamus;
1120 2250 1289 2321 satis
1310 2252 1504 2321 enim
1531 2248 1642 2323 his
1667 2274 1782 2323 res
1807 2252 1958 2350 ipsa
1995 2254 2420 2351 respondet,

300 2388 529 2462 quum
584 2377 709 2434 aut
747 2386 897 2434 non
949 2359 1432 2432 adhibeantur
1482 2361 1572 2434 ad
1617 2370 1906 2452 cauSaS,
1943 2379 2069 2436 aut
2121 2355 2423 2440 adhibiti

300 2473 763 2554 derideantur
812 2500 829 2542 :
878 2496 1043 2543 nam
1091 2476 1151 2544 si
1192 2472 1769 2562 arriderentur¹‚
1825 2489 2013 2551 esset
2063 2475 2137 2548 id
2185 2479 2420 2575 ipsum

300 2585 725 2677 Atticorum.
762 2581 902 2654 Sed
930 2583 1059 2680 qui
1094 2581 1241 2653 dici
1281 2608 1320 2655 a
1366 2583 1578 2654 nobis
1617 2585 1838 2656 attico
1883 2607 2090 2688 more
2127 2586 2425 2675 nolunt,

300 2695 435 2792 ipsi
474 2709 753 2778 autem,
808 2719 885 2765 se
922 2717 1073 2763 non
1106 2707 1429 2764 oratores
1453 2716 1606 2764 esse
1629 2705 1682 2779 ²,
1712 2691 2182 2789 profitentur;
2232 2697 2290 2766 si
2317 2711 2430 2768 te-

302 2819 491 2874 retes
514 2827 721 2874 aures
746 2802 1045 2888 habent,
1074 2801 1632 2898 intelligensque
1645 2801 1994 2896 judicium
2012 2819 2426 2902 ,.tamquam

303 2913 396 2984 ad
448 2913 797 3008 picturam
862 2909 1356 3006 probandam,
1415 2909 1909 2982 adhibentur³
1961 2913 2175 2983 etiam
2219 2915 2426 2986 inscii

303 3020 640 3107 faciendi,
672 3045 837 3090 cum
868 3019 1105 3115 aliqua
1143 3020 1432 3092 solertia
1466 3018 1876 3117 judicandi:
1910 3025 2020 3093 sin
2040 3037 2280 3095 autem
2311 3027 2424 3095 in-

306 3129 773 3226 telligentiam
812 3142 1105 3225 ponunt
1152 3131 1228 3198 in
1278 3129 1620 3202 audiendi
1662 3128 1985 3221 fastidio,
2026 3157 2263 3231 neque
2307 3162 2432 3208 eos

309 3239 705 3340 quidquam
742 3239 1105 3310 excelsum
1146 3238 1754 3339 magnificumque
1781 3240 2120 3331 delectat;
2157 3245 2430 3333 dicant,

310 3377 385 3422 se
419 3350 682 3422 subtile
720 3347 1063 3447 quiddam
1103 3363 1174 3420 et
1214 3351 1518 3446 politum
1559 3351 1770 3438 velle,
1805 3377 2016 3450 grave
2057 3368 2429 3424 ornatum-

381 3546 465 3593 IV.
500 3561 541 3592 1.
587 3545 961 3594 Art-iderentur..
983 3542 1064 3590 Sic
1086 3557 1181 3606 pro
1206 3541 1329 3589 um·-
1418 3559 1496 3604 me
1514 3554 1753 3593 oratorem
1771 3561 1909 3594 enea
1923 3580 1938 3604 ,
1960 3546 2046 3594 sed
2065 3566 2089 3588 ι
2104 3547 2342 3611 profiteor
2357 3565 2434 3597 mo

312 3623 523 3672 deantur
538 3621 804 3671 edidimus:
820 3637 931 3670 nam
952 3619 1173 3684 nequitur
1187 3631 1329 3669 essee.
1418 3633 1660 3672 oratorem
1673 3647 1698 3666 ιι
1715 3657 1732 3680 ,
1771 3625 1864 3672 nini
1895 3623 2006 3688 quis
2049 3625 2184 3673 malit
2227 3627 2434 3678 scribere

312 3703 402 3750 Ms
428 3704 490 3748 V.
506 3702 669 3771 ‘habet
694 3701 741 3748 si
762 3699 1013 3757 ridentur,
1043 3699 1183 3763 quod
1204 3711 1279 3748 est
1302 3716 1331 3746 e
1418 3701 1726 3766 confitemur.
1761 3704 1887 3750 Eu.

310 3781 586 3828 riderentur
617 3797 705 3845 per
739 3777 1085 3844 compendium
1112 3778 1299 3843 scripto
1312 3813 1329 3836 ‚
1491 3779 1896 3830 &Adhibeantmz
1915 3783 1994 3830 sic
2010 3782 2320 3832 scribendum
2337 3799 2404 3832 esc
2417 3820 2434 3844 ,

314 3869 363 3906 et
392 3859 529 3906 addit
553 3859 679 3907 idem
720 3859 886 3906 ceiam.
924 3859 1037 3906 Eut
1079 3883 1147 3894 --
1170 3861 1329 3921 Quem
1418 3874 1522 3908 non
1539 3857 1842 3908 adhibentur.
1857 3861 1939 3910 Sic
1957 3861 2012 3908 in
2029 3872 2284 3925 sequente,
2301 3862 2438 3926 qnod

313 3935 509 3986 Schiitz.
532 3940 765 4002 sequitur.
1420 3947 1491 3984 est
1527 3936 1640 3985 huic
1685 3939 1984 3988 contrariu·
2000 3977 2016 4002 ,
2050 3951 2126 3988 est
2165 3941 2347 3988 dicant.
2374 3943 2436 3990 Et

390 4033 434 4068 a.
454 4019 517 4064 Se
544 4034 641 4064 non
670 4029 889 4065 oratores
923 4033 1023 4066 esse
1036 4052 1051 4074 ,
1068 4015 1199 4079 profi
1240 4017 1333 4063 De·
1422 4017 1550 4064 foret
1569 4018 1778 4081 primum
1799 4017 1843 4066 si
1858 4029 2054 4076 teretes,
2075 4031 2170 4068 etc.
2189 4018 2442 4070 ἀνακόλου-

310 4097 509 4146 leverim
530 4112 650 4146 esse.
672 4098 783 4145 Non
802 4095 1037 4146 dicimus:
1059 4093 1335 4160 «profiteor
1422 4096 1516 4144 θον.
1551 4097 1679 4144 Eun.
1714 4123 1782 4134 -—
1804 4099 1958 4160 Quem
1985 4097 2180 4148 Set-fitz.
2209 4100 2442 4164 nequitur.
