2982 4682
539 439 610 497 fv
1159 417 1515 490 ALTERA
1552 421 2031 524 PRAEFA‘no

540 579 693 633 trus
734 556 1178 644 Ludovicus,
1219 557 1611 652 Dionysius
1646 553 2072 642 Lambinus,
2106 558 2262 628 Nic.
2286 558 2663 656 AngeliuS‚

543 681 1044 767 Becichemns,
1097 694 1171 750 et
1227 695 1462 775 nuper
1518 675 1709 774 apud
1764 691 1905 748 nos
1947 683 2007 748 J.
2048 683 2137 750 V.
2185 677 2499 767 Leclerc,
2536 679 2665 777 qui

541 807 850 901 conjecit
899 831 986 876 ex
1027 803 1304 900 gemina
1358 799 1911 871 Rhetoricorum
1959 800 2275 874 editione
2321 819 2529 876 natos
2579 804 2671 875 ad

541 939 854 1004 Hei-eun.
893 925 1152 1010 libros,
1192 895 1425 996 et'eos
1474 925 1603 1022 qui
1645 923 1735 996 de
1771 929 2050 996 Inve'nt.
2078 923 2439 1016 dicuntur,
2486 931 2675 1000 sicut

537 1071 616 1128 et
643 1051 1104 1127 Academicos
1135 1047 1248 1118 bis
1275 1047 1526 1119 editos
1568 1046 1785 1120 fuisse
1824 1065 2126 1122 constat.

641 1179 960 1252 Primum
1007 1172 1228 1270 igitur
1272 1171 1703 1267 antiquitate
1762 1195 1890 1242 sua
1944 1197 2021 1244 se
2075 1189 2327 1247 tuetur
2381 1177 2675 1248 illorum

547 1299 818 1398 opinio.
873 1292 1014 1366 Sed
1071 1306 1152 1364 -et
1203 1291 1338 1362 alia
1397 1305 1568 1362 sunt
1622 1317 1785 1388 quae
1841 1291 2079 1366 favere
2139 1297 2240 1368 illi
2304 1298 2680 1388 vide-ntum

545 1437 700 1494 tum
761 1414 1085 1514 exempla
1141 1416 1397 1512 saepius
1444 1439 1485 1484 a
1538 1407 1806 1512 poetiS‚
1869 1413 2068 1514 quod
2100 1409 2414 1494 ⁸Tulliani
2456 1426 2684 1494 moris

545 1561 690 1632 est,
743 1542 1000 1640 petita,
1049 1553 1202 1609 tum
1245 1534 1605 1607 nobilium
1653 1526 1977 1634 partibus
2017 1539 2317 1615 infestus
2359 1547 2683 1634 animm,

545 1667 836 1768 qualem
889 1687 964 1734 se
1007 1664 1081 1731 in
1127 1661 1382 1760 primis
1428 1663 1799 1733 Ciceronis
1854 1665 2309 1738 orationibus
2353 1669 2683 1767 protulit.

541 1789 832 1865 Addere
859 1785 1158 1858 fortasse
1183 1785 1386 1856 liceat
1406 1786 1642 1882 ipsum
1662 1789 2005 1858 Herennii
2024 1815 2294 1861 nomen
2314 1791 2451 1886 (ι),
2474 1794 2589 1888 cuj
2600 1819 2687 1866 us

544 1913 783 2012 gentis
827 1909 1233 2008 patrocinio
1277 1905 1508 2001 (Plut.
1551 1910 1693 1979 vita
1731 1913 1809 1981 C.
1857 1899 2102 2008 Marii)
2148 1905 2465 1986 Mariana
2506 1940 2688 2012 gens

549 2035 889 2108 Tullianae
929 2029 1398 2128 genti·affinis
1433 2031 1801 2116 utebatur,
1839 2049 1921 2105 ut
1956 2059 2104 2107 non
2140 2039 2401 2120 mirum
2442 2041 2536 2110 sit
2576 2066 2691 2112 co-

551 2160 896 2259 gnatione
944 2157 1181 2253 aliqua
1229 2155 1460 2252 (quod
1501 2155 1805 2228 verbum
1848 2162 2017 2230 satis
2064 2159 2201 2233 late
2247 2161 2471 2260 patet)
2524 2167 2691 2236 Tul-

549 2285 728 2357 lium
759 2305 928 2354 cum
959 2279 1325 2349 Herennio
1356 2275 1577 2349 fuisse
1612 2280 2082 2374 conjunctum
2116 2283 2265 2381 (lv,
2297 2285 2394 2381 6).

650 2407 922 2490 Dictio,
957 2427 1118 2499 quae
1171 2402 1328 2472 aliis
1379 2401 1625 2495 jejuna
1680 2390 1987 2489 videtur,
2026 2420 2098 2478 et
2138 2432 2179 2478 a
2220 2413 2693 2487 Ciceroniana

556 2529 888 2602 ubertate
916 2523 1173 2623 procul
1207 2521 1639 2611 abhorrem,
1678 2523 1830 2596 aliis
1861 2543 2109 2600 contra
2142 2556 2290 2604 non
2328 2537 2695 2637 inelegans

557 2668 632 2726 et
665 2648 903 2748 magni
941 2648 1246 2717 oratoris
1271 2646 1493 2716 initiis
1525 2644 1760 2743 digna.
1793 2652 1942 2729 Nec
1980 2653 2239 2724 mirum
2270 2659 2392 2745 sit,
2418 2660 2695 2756 aliquid

559 2774 808 2846 deesse
847 2772 933 2841 iis
977 2794 1138 2865 quae
1179 2759 1334 2866 ‘ipse
1385 2762 1526 2841 sibi
1564 2794 1794 2867 puero
1840 2788 1965 2844 aut
2000 2775 2543 2852 adolescentulo
2577 2809 2700 2853 ru·

559 2894 678 2968 dia
723 2909 796 2965 et
845 2890 1182 2964 inchoata
1221 2916 1306 2961 ex
1359 2888 1969 2968 commentariolis
2009 2905 2157 2971 suis
2205 2891 2549 2977 excidisse
2597 2910 2699 2977 ait

561 3020 682 3116 (dc
719 3022 912 3089 Orat.
947 3024 1020 3104 Ι,
1065 3018 1160 3109 2).
1189 3019 1329 3086 Res
1357 3030 1599 3087 autem
1630 3033 1842 3114 gestae
1872 3045 2049 3118 quas
2087 3022 2163 3095 in
2196 3028 2544 3126 exemplis
2576 3056 2698 3103 au-

640 3238 726 3319 (1)
767 3240 852 3297 Ea
891 3236 1222 3313 diligentius
1263 3235 1582 3313 inquirenti
1624 3242 1912 3299 succurrit
1951 3242 2287 3305 Ciceronem
2306 3291 2324 3319 ,
2394 3262 2699 3329 postquam

563 3343 846 3404 nobilium
872 3338 1139 3419 partibus
1168 3340 1362 3399 favere
1389 3344 1597 3422 coepit,
1632 3347 1959 3407 Herennios
1996 3348 2262 3410 inimicos
2299 3354 2541 3413 fortasse
2588 3360 2699 3417 ha-

563 3451 790 3521 huisse,
837 3460 926 3519 et,
971 3458 1041 3505 ut
1065 3444 1354 3525 conjicere
1375 3450 1509 3507 licet
1528 3492 1543 3520 ,
1574 3470 1647 3509 eo
1678 3454 1967 3524 acriores,
2009 3456 2170 3533 quod
2206 3458 2535 3519 infestiores
2577 3480 2703 3521 esse

561 3556 813 3617 solemus
837 3551 1133 3611 veteribus
1163 3553 1380 3623 amiciS,
1403 3575 1438 3613 a
1465 3554 1681 3633 quibus
1700 3560 1879 3617 semel
1902 3559 2207 3621 dissentire
2228 3566 2525 3642 coepimus.
2548 3572 2703 3627 Nam

568 3676 629 3723 et
658 3659 1052 3733 Herennium,
1098 3660 1272 3719 Marii
1308 3661 1577 3740 partibus
1620 3663 1797 3723 fidum
1817 3709 1836 3738 ,
1884 3666 2056 3724 video
2084 3667 2328 3728 Sertorii
2356 3671 2605 3751 legatum
2640 3678 2702 3735 in

567 3767 848 3845 Hispania
877 3766 1166 3843 fuisse,·et
1208 3766 1282 3825 ab
1329 3768 1446 3826 alio
1490 3781 1695 3847 postea
1728 3771 2024 3831 Herennio
2064 3774 2126 3832 in
2170 3777 2429 3837 exercitu
2465 3782 2701 3839 Antonii

567 3872 910 3932 centurione
939 3871 1279 3930 Ciceronem
1307 3873 1584 3931 occisum.
1624 3878 1702 3933 Ea
1744 3875 1888 3934 levis
1928 3874 2164 3955 quidem
2204 3880 2569 3960 conjectura,
2598 3881 2698 3939 sed

567 3998 640 4037 ⁶1
678 3997 796 4055 qua
834 3976 1058 4035 facilius
1094 3976 1410 4053 intelligam
1432 4022 1449 4049 ‚
1496 3999 1603 4038 cur
1638 3981 1845 4041 Cicero
1872 3984 2149 4044 Herc-unii
2178 4006 2386 4047 nomen
2427 3989 2483 4047 in
2522 3986 2701 4046 altera

568 4082 823 4143 editione
851 4081 1154 4141 deleverit.
