<?xml version="1.0" encoding="UTF-8"?>
<!DOCTYPE html PUBLIC "-//W3C//DTD XHTML 1.0 Transitional//EN"
    "http://www.w3.org/TR/xhtml1/DTD/xhtml1-transitional.dtd">
<html xmlns="http://www.w3.org/1999/xhtml" xml:lang="en" lang="en">
 <head>
  <title>
</title>
<meta http-equiv="Content-Type" content="text/html;charset=utf-8" />
  <meta name='ocr-system' content='tesseract 3.04.00' />
  <meta name='ocr-capabilities' content='ocr_page ocr_carea ocr_par ocr_line ocrx_word'/>
</head>
<body>
  <div class='ocr_page' id='page_1' title='image "./mtciceronisquae07lemagoog_0647.png"; bbox 0 0 2982 4682; ppageno 0'>
   <div class='ocr_carea' id='block_1_1' title="bbox 726 339 2454 471">
    <p class='ocr_par' dir='ltr' id='par_1_1' title="bbox 726 339 2454 471">
     <span class='ocr_line' id='line_1_1' title="bbox 726 339 2454 471; baseline 0.002 -24"><span class='ocrx_word' id='word_1_1' title='bbox 726 339 1215 447; x_wconf 74' lang='lat' dir='ltr'><strong>ORATon&#39;lAE</strong></span> <span class='ocrx_word' id='word_1_2' title='bbox 1276 372 2064 471; x_wconf 71' lang='lat' dir='ltr'><strong>PART1T10NES,37.</strong></span> <span class='ocrx_word' id='word_1_3' title='bbox 2309 377 2454 451; x_wconf 74' lang='lat'><strong>623</strong></span> 
     </span>
    </p>
   </div>
   <div class='ocr_carea' id='block_1_2' title="bbox 312 495 2561 3768">
    <p class='ocr_par' dir='ltr' id='par_1_2' title="bbox 312 495 2561 3768">
     <span class='ocr_line' id='line_1_2' title="bbox 319 495 2454 609; baseline 0.001 -38"><span class='ocrx_word' id='word_1_4' title='bbox 319 500 459 571; x_wconf 88' lang='lat' dir='ltr'><strong>Sed</strong></span> <span class='ocrx_word' id='word_1_5' title='bbox 494 500 665 573; x_wconf 81' lang='lat' dir='ltr'><strong>huie</strong></span> <span class='ocrx_word' id='word_1_6' title='bbox 708 505 949 609; x_wconf 63' lang='lat' dir='ltr'><strong>tamen</strong></span> <span class='ocrx_word' id='word_1_7' title='bbox 996 498 1137 595; x_wconf 88' lang='lat' dir='ltr'><strong>ipsi</strong></span> <span class='ocrx_word' id='word_1_8' title='bbox 1188 495 1758 593; x_wconf 85' lang='lat' dir='ltr'><strong>confugiendum</strong></span> <span class='ocrx_word' id='word_1_9' title='bbox 1802 510 1912 568; x_wconf 81' lang='lat' dir='ltr'><strong>est</strong></span> <span class='ocrx_word' id='word_1_10' title='bbox 1951 498 2044 569; x_wconf 89' lang='lat' dir='ltr'><strong>ad</strong></span> <span class='ocrx_word' id='word_1_11' title='bbox 2101 502 2454 599; x_wconf 76' lang='lat' dir='ltr'><strong>aequitatis</strong></span> 
     </span>
     <span class='ocr_line' id='line_1_3' title="bbox 320 604 2454 701; baseline 0.003 -22"><span class='ocrx_word' id='word_1_12' title='bbox 320 610 557 695; x_wconf 83' lang='lat' dir='ltr'><strong>locos,</strong></span> <span class='ocrx_word' id='word_1_13' title='bbox 608 610 973 681; x_wconf 86' lang='lat' dir='ltr'><strong>adrerum</strong></span> <span class='ocrx_word' id='word_1_14' title='bbox 1013 604 1489 701; x_wconf 83' lang='lat' dir='ltr'><strong>judicatarum</strong></span> <span class='ocrx_word' id='word_1_15' title='bbox 1529 608 2060 693; x_wconf 85' lang='lat' dir='ltr'><strong>auctoritatem,</strong></span> <span class='ocrx_word' id='word_1_16' title='bbox 2097 609 2188 679; x_wconf 89' lang='lat' dir='ltr'><strong>ad</strong></span> <span class='ocrx_word' id='word_1_17' title='bbox 2233 610 2454 685; x_wconf 87' lang='lat' dir='ltr'><strong>finem</strong></span> 
     </span>
     <span class='ocr_line' id='line_1_4' title="bbox 318 716 2450 817; baseline 0.001 -27"><span class='ocrx_word' id='word_1_18' title='bbox 318 718 633 817; x_wconf 80' lang='lat' dir='ltr'><strong>aliquem</strong></span> <span class='ocrx_word' id='word_1_19' title='bbox 661 732 723 765; x_wconf 83' lang='lat'><strong>¹⁰</strong></span> <span class='ocrx_word' id='word_1_20' title='bbox 752 716 1100 817; x_wconf 85' lang='lat' dir='ltr'><strong>periculi.</strong></span> <span class='ocrx_word' id='word_1_21' title='bbox 1129 740 1664 812; x_wconf 80' lang='lat' dir='ltr'><strong>communeque</strong></span> <span class='ocrx_word' id='word_1_22' title='bbox 1697 718 1788 787; x_wconf 89' lang='lat' dir='ltr'><strong>sit</strong></span> <span class='ocrx_word' id='word_1_23' title='bbox 1821 716 1962 787; x_wconf 87' lang='lat' dir='ltr'><strong>hoc</strong></span> <span class='ocrx_word' id='word_1_24' title='bbox 1989 722 2450 816; x_wconf 61' lang='lat' dir='ltr'><strong>praeceptum,</strong></span> 
     </span>
     <span class='ocr_line' id='line_1_5' title="bbox 319 826 2449 951; baseline 0.001 -50"><span class='ocrx_word' id='word_1_25' title='bbox 319 845 440 918; x_wconf 90' lang='lat' dir='ltr'><strong>ut,</strong></span> <span class='ocrx_word' id='word_1_26' title='bbox 478 854 707 951; x_wconf 79' lang='lat' dir='ltr'><strong>quum</strong></span> <span class='ocrx_word' id='word_1_27' title='bbox 736 844 1047 925; x_wconf 71' lang='lat' dir='ltr'><strong>uterque</strong></span> <span class='ocrx_word' id='word_1_28' title='bbox 1074 826 1469 925; x_wconf 76' lang='lat' dir='ltr'><strong>definierit,</strong></span> <span class='ocrx_word' id='word_1_29' title='bbox 1497 829 2070 924; x_wconf 68' lang='lat' dir='ltr'><strong>quammaxime</strong></span> <span class='ocrx_word' id='word_1_30' title='bbox 2099 838 2449 936; x_wconf 87' lang='lat' dir='ltr'><strong>potuerit,</strong></span> 
     </span>
     <span class='ocr_line' id='line_1_6' title="bbox 320 932 2451 1034; baseline 0.002 -24"><span class='ocrx_word' id='word_1_31' title='bbox 320 938 411 1010; x_wconf 85' lang='lat' dir='ltr'><strong>ad</strong></span> <span class='ocrx_word' id='word_1_32' title='bbox 432 932 953 1010; x_wconf 67' lang='lat' dir='ltr'><strong>comtn‘unemss</strong></span> <span class='ocrx_word' id='word_1_33' title='bbox 984 962 1271 1009; x_wconf 86' lang='lat' dir='ltr'><strong>sensum</strong></span> <span class='ocrx_word' id='word_1_34' title='bbox 1299 938 1596 1034; x_wconf 82' lang='lat' dir='ltr'><strong>vimque</strong></span> <span class='ocrx_word' id='word_1_35' title='bbox 1621 937 1864 1024; x_wconf 83' lang='lat' dir='ltr'><strong>verbi,</strong></span> <span class='ocrx_word' id='word_1_36' title='bbox 1895 952 2052 1008; x_wconf 87' lang='lat' dir='ltr'><strong>tum</strong></span> <span class='ocrx_word' id='word_1_37' title='bbox 2065 941 2451 1030; x_wconf 69' lang='lat' dir='ltr'><strong>similibus,</strong></span> 
     </span>
     <span class='ocr_line' id='line_1_7' title="bbox 320 1046 2459 1147; baseline 0.001 -28"><span class='ocrx_word' id='word_1_38' title='bbox 320 1049 819 1147; x_wconf 81' lang='lat' dir='ltr'><strong>exemplisque</strong></span> <span class='ocrx_word' id='word_1_39' title='bbox 846 1070 1126 1134; x_wconf 80' lang='lat' dir='ltr'><strong>eorum,</strong></span> <span class='ocrx_word' id='word_1_40' title='bbox 1156 1050 1285 1143; x_wconf 89' lang='lat' dir='ltr'><strong>qui</strong></span> <span class='ocrx_word' id='word_1_41' title='bbox 1322 1050 1418 1117; x_wconf 86' lang='lat' dir='ltr'><strong>ita</strong></span> <span class='ocrx_word' id='word_1_42' title='bbox 1444 1046 1730 1143; x_wconf 75' lang='lat' dir='ltr'><strong>loquuti</strong></span> <span class='ocrx_word' id='word_1_43' title='bbox 1754 1061 1926 1135; x_wconf 71' lang='lat' dir='ltr'><strong>sunt</strong></span> <span class='ocrx_word' id='word_1_44' title='bbox 1947 1057 2033 1135; x_wconf 71' lang='lat'><strong>¹²,</strong></span> <span class='ocrx_word' id='word_1_45' title='bbox 2063 1072 2264 1119; x_wconf 85' lang='lat' dir='ltr'><strong>suam</strong></span> <span class='ocrx_word' id='word_1_46' title='bbox 2283 1048 2459 1122; x_wconf 83' lang='lat' dir='ltr'><strong>defi-</strong></span> 
     </span>
     <span class='ocr_line' id='line_1_8' title="bbox 318 1153 2561 1255; baseline 0.001 -26"><span class='ocrx_word' id='word_1_47' title='bbox 318 1159 672 1229; x_wconf 83' lang='lat' dir='ltr'><strong>nitionem</strong></span> <span class='ocrx_word' id='word_1_48' title='bbox 714 1158 1295 1255; x_wconf 82' lang='lat' dir='ltr'><strong>sententiamque</strong></span> <span class='ocrx_word' id='word_1_49' title='bbox 1333 1153 1737 1247; x_wconf 78' lang='lat' dir='ltr'><strong>confirmet.</strong></span> <span class='ocrx_word' id='word_1_50' title='bbox 1784 1162 2020 1253; x_wconf 81' lang='lat' dir='ltr'><strong>Atque</strong></span> <span class='ocrx_word' id='word_1_51' title='bbox 2061 1164 2457 1231; x_wconf 76' lang='lat' dir='ltr'><strong>accusatori</strong></span> <span class='ocrx_word' id='word_1_52' title='bbox 2552 1199 2561 1206; x_wconf 90' lang='lat'><strong>·</strong></span> 
     </span>
     <span class='ocr_line' id='line_1_9' title="bbox 315 1264 2456 1373; baseline 0.002 -37"><span class='ocrx_word' id='word_1_53' title='bbox 315 1268 393 1337; x_wconf 86' lang='lat' dir='ltr'><strong>in</strong></span> <span class='ocrx_word' id='word_1_54' title='bbox 425 1267 569 1339; x_wconf 89' lang='lat' dir='ltr'><strong>hoc</strong></span> <span class='ocrx_word' id='word_1_55' title='bbox 603 1292 867 1373; x_wconf 81' lang='lat' dir='ltr'><strong>genere</strong></span> <span class='ocrx_word' id='word_1_56' title='bbox 902 1288 1279 1337; x_wconf 81' lang='lat' dir='ltr'><strong>causarum</strong></span> <span class='ocrx_word' id='word_1_57' title='bbox 1311 1266 1516 1335; x_wconf 87' lang='lat' dir='ltr'><strong>locus</strong></span> <span class='ocrx_word' id='word_1_58' title='bbox 1543 1264 1662 1337; x_wconf 75' lang='lat' dir='ltr'><strong>ille</strong></span> <span class='ocrx_word' id='word_1_59' title='bbox 1701 1270 2132 1354; x_wconf 78' lang='lat' dir='ltr'><strong>communis,</strong></span> <span class='ocrx_word' id='word_1_60' title='bbox 2161 1270 2456 1347; x_wconf 84' lang='lat' dir='ltr'><strong>minime</strong></span> 
     </span>
     <span class='ocr_line' id='line_1_10' title="bbox 319 1354 2454 1472; baseline 0 -23"><span class='ocrx_word' id='word_1_61' title='bbox 319 1400 473 1449; x_wconf 78' lang='lat' dir='ltr'><strong>esse</strong></span> <span class='ocrx_word' id='word_1_62' title='bbox 510 1354 1095 1465; x_wconf 79' lang='lat' dir='ltr'><strong>concedendum,</strong></span> <span class='ocrx_word' id='word_1_63' title='bbox 1120 1391 1203 1446; x_wconf 87' lang='lat' dir='ltr'><strong>ut</strong></span> <span class='ocrx_word' id='word_1_64' title='bbox 1228 1379 1325 1463; x_wconf 90' lang='lat' dir='ltr'><strong>is,</strong></span> <span class='ocrx_word' id='word_1_65' title='bbox 1358 1398 1486 1472; x_wconf 78' lang='lat' dir='ltr'><strong>qui</strong></span> <span class='ocrx_word' id='word_1_66' title='bbox 1515 1373 1608 1449; x_wconf 83' lang='lat' dir='ltr'><strong>de</strong></span> <span class='ocrx_word' id='word_1_67' title='bbox 1644 1399 1724 1445; x_wconf 89' lang='lat' dir='ltr'><strong>re</strong></span> <span class='ocrx_word' id='word_1_68' title='bbox 1763 1374 2217 1464; x_wconf 79' lang='lat' dir='ltr'><strong>confiteatur,</strong></span> <span class='ocrx_word' id='word_1_69' title='bbox 2253 1378 2454 1449; x_wconf 85' lang='lat' dir='ltr'><strong>verbi</strong></span> 
     </span>
     <span class='ocr_line' id='line_1_11' title="bbox 319 1482 2456 1586; baseline 0 -27"><span class='ocrx_word' id='word_1_70' title='bbox 319 1512 395 1559; x_wconf 84' lang='lat' dir='ltr'><strong>se</strong></span> <span class='ocrx_word' id='word_1_71' title='bbox 440 1482 1040 1586; x_wconf 67' lang='lat' dir='ltr'><strong>interpretatione</strong></span> <span class='ocrx_word' id='word_1_72' title='bbox 1098 1485 1505 1558; x_wconf 78' lang='lat' dir='ltr'><strong>defendatz-</strong></span> <span class='ocrx_word' id='word_1_73' title='bbox 1540 1483 1876 1563; x_wconf 85' lang='lat' dir='ltr'><strong>defensor</strong></span> <span class='ocrx_word' id='word_1_74' title='bbox 1923 1500 2165 1557; x_wconf 88' lang='lat' dir='ltr'><strong>autem</strong></span> <span class='ocrx_word' id='word_1_75' title='bbox 2201 1502 2284 1558; x_wconf 80' lang='lat' dir='ltr'><strong>et</strong></span> <span class='ocrx_word' id='word_1_76' title='bbox 2335 1512 2410 1559; x_wconf 87' lang='lat' dir='ltr'><strong>ea</strong></span> <span class='ocrx_word' id='word_1_77' title='bbox 2437 1544 2456 1577; x_wconf 91' lang='lat'><strong>,</strong></span> 
     </span>
     <span class='ocr_line' id='line_1_12' title="bbox 317 1598 2455 1695; baseline 0.001 -26"><span class='ocrx_word' id='word_1_78' title='bbox 317 1622 535 1694; x_wconf 85' lang='lat' dir='ltr'><strong>quam</strong></span> <span class='ocrx_word' id='word_1_79' title='bbox 576 1599 961 1695; x_wconf 83' lang='lat' dir='ltr'><strong>proposui,</strong></span> <span class='ocrx_word' id='word_1_80' title='bbox 1004 1598 1357 1695; x_wconf 70' lang='lat' dir='ltr'><strong>aequitate</strong></span> <span class='ocrx_word' id='word_1_81' title='bbox 1370 1598 1665 1683; x_wconf 84' lang='lat' dir='ltr'><strong>nitatur,</strong></span> <span class='ocrx_word' id='word_1_82' title='bbox 1697 1610 1804 1681; x_wconf 82' lang='lat' dir='ltr'><strong>et,</strong></span> <span class='ocrx_word' id='word_1_83' title='bbox 1829 1620 1912 1673; x_wconf 81' lang='lat' dir='ltr'><strong>ea</strong></span> <span class='ocrx_word' id='word_1_84' title='bbox 1949 1621 2178 1693; x_wconf 88' lang='lat' dir='ltr'><strong>quum</strong></span> <span class='ocrx_word' id='word_1_85' title='bbox 2211 1621 2455 1673; x_wconf 85' lang='lat' dir='ltr'><strong>secum</strong></span> 
     </span>
     <span class='ocr_line' id='line_1_13' title="bbox 317 1696 2453 1811; baseline -0.003 -36"><span class='ocrx_word' id='word_1_86' title='bbox 317 1704 563 1803; x_wconf 85' lang='lat' dir='ltr'><strong>faciat,</strong></span> <span class='ocrx_word' id='word_1_87' title='bbox 604 1728 754 1773; x_wconf 90' lang='lat' dir='ltr'><strong>non</strong></span> <span class='ocrx_word' id='word_1_88' title='bbox 786 1730 911 1791; x_wconf 92' lang='lat' dir='ltr'><strong>re,</strong></span> <span class='ocrx_word' id='word_1_89' title='bbox 946 1696 1069 1776; x_wconf 83' lang='lat' dir='ltr'><strong>sed</strong></span> <span class='ocrx_word' id='word_1_90' title='bbox 1113 1705 1629 1811; x_wconf 83' lang='lat' dir='ltr'><strong>depravatione</strong></span> <span class='ocrx_word' id='word_1_91' title='bbox 1667 1704 1890 1775; x_wconf 85' lang='lat' dir='ltr'><strong>verbi.</strong></span> <span class='ocrx_word' id='word_1_92' title='bbox 1899 1730 1973 1776; x_wconf 91' lang='lat' dir='ltr'><strong>se</strong></span> <span class='ocrx_word' id='word_1_93' title='bbox 2001 1712 2252 1805; x_wconf 85' lang='lat' dir='ltr'><strong>urgeri</strong></span> <span class='ocrx_word' id='word_1_94' title='bbox 2271 1734 2453 1807; x_wconf 83' lang='lat' dir='ltr'><strong>que..</strong></span> 
     </span>
     <span class='ocr_line' id='line_1_14' title="bbox 316 1788 2454 1915; baseline 0.003 -30"><span class='ocrx_word' id='word_1_95' title='bbox 316 1788 785 1912; x_wconf 56' lang='lat' dir='ltr'><strong>ratur.·Quo</strong></span> <span class='ocrx_word' id='word_1_96' title='bbox 768 1837 844 1883; x_wconf 88' lang='grc' dir='ltr'><strong>ιιι</strong></span> <span class='ocrx_word' id='word_1_97' title='bbox 872 1833 1131 1909; x_wconf 86' lang='lat' dir='ltr'><strong>genere</strong></span> <span class='ocrx_word' id='word_1_98' title='bbox 1159 1836 1590 1911; x_wconf 84' lang='lat' dir='ltr'><strong>percensere</strong></span> <span class='ocrx_word' id='word_1_99' title='bbox 1617 1816 1888 1908; x_wconf 88' lang='lat' dir='ltr'><strong>poterit</strong></span> <span class='ocrx_word' id='word_1_100' title='bbox 1931 1816 2318 1915; x_wconf 86' lang='lat' dir='ltr'><strong>plerosque</strong></span> <span class='ocrx_word' id='word_1_101' title='bbox 2345 1823 2454 1892; x_wconf 88' lang='lat' dir='ltr'><strong>in-</strong></span> 
     </span>
     <span class='ocr_line' id='line_1_15' title="bbox 314 1921 2449 2019; baseline 0.004 -26"><span class='ocrx_word' id='word_1_102' title='bbox 314 1922 650 1995; x_wconf 85' lang='lat' dir='ltr'><strong>veniendi</strong></span> <span class='ocrx_word' id='word_1_103' title='bbox 683 1922 925 2003; x_wconf 83' lang='lat' dir='ltr'><strong>locos,:</strong></span> <span class='ocrx_word' id='word_1_104' title='bbox 956 1946 1122 1997; x_wconf 84' lang='lat' dir='ltr'><strong>nam</strong></span> <span class='ocrx_word' id='word_1_105' title='bbox 1158 1938 1230 1993; x_wconf 89' lang='lat' dir='ltr'><strong>et</strong></span> <span class='ocrx_word' id='word_1_106' title='bbox 1256 1921 1608 1993; x_wconf 85' lang='lat' dir='ltr'><strong>similibus</strong></span> <span class='ocrx_word' id='word_1_107' title='bbox 1639 1936 1908 2019; x_wconf 77' lang='lat' dir='ltr'><strong>utetur,</strong></span> <span class='ocrx_word' id='word_1_108' title='bbox 1945 1937 2020 1993; x_wconf 87' lang='lat' dir='ltr'><strong>et</strong></span> <span class='ocrx_word' id='word_1_109' title='bbox 2055 1933 2449 2019; x_wconf 83' lang='lat' dir='ltr'><strong>contrariis,</strong></span> 
     </span>
     <span class='ocr_line' id='line_1_16' title="bbox 318 2024 2456 2129; baseline 0.002 -25"><span class='ocrx_word' id='word_1_110' title='bbox 318 2048 393 2104; x_wconf 86' lang='lat' dir='ltr'><strong>et</strong></span> <span class='ocrx_word' id='word_1_111' title='bbox 419 2024 1037 2129; x_wconf 76' lang='lat' dir='ltr'><strong>consequentibus</strong></span> <span class='ocrx_word' id='word_1_112' title='bbox 1057 2056 1089 2119; x_wconf 80' lang='lat'><strong>3·</strong></span> <span class='ocrx_word' id='word_1_113' title='bbox 1115 2034 1559 2128; x_wconf 76' lang='lat' dir='ltr'><strong>quamquain</strong></span> <span class='ocrx_word' id='word_1_114' title='bbox 1599 2045 1910 2127; x_wconf 71' lang='lat' dir='ltr'><strong>uterque</strong></span> <span class='ocrx_word' id='word_1_115' title='bbox 1936 2084 1955 2117; x_wconf 92' lang='lat'><strong>,</strong></span> <span class='ocrx_word' id='word_1_116' title='bbox 1979 2046 2220 2104; x_wconf 86' lang='lat' dir='ltr'><strong>tamen</strong></span> <span class='ocrx_word' id='word_1_117' title='bbox 2245 2060 2414 2109; x_wconf 88' lang='lat' dir='ltr'><strong>reus</strong></span> <span class='ocrx_word' id='word_1_118' title='bbox 2435 2092 2456 2126; x_wconf 87' lang='lat'><strong>,</strong></span> 
     </span>
     <span class='ocr_line' id='line_1_17' title="bbox 322 2139 2452 2241; baseline 0 -29"><span class='ocrx_word' id='word_1_119' title='bbox 322 2144 459 2219; x_wconf 75' lang='lat' dir='ltr'><strong>nisi</strong></span> <span class='ocrx_word' id='word_1_120' title='bbox 504 2143 717 2241; x_wconf 90' lang='lat' dir='ltr'><strong>plane</strong></span> <span class='ocrx_word' id='word_1_121' title='bbox 762 2142 899 2212; x_wconf 84' lang='lat' dir='ltr'><strong>erit</strong></span> <span class='ocrx_word' id='word_1_122' title='bbox 942 2140 1253 2212; x_wconf 84' lang='lat' dir='ltr'><strong>ab&#39;surda</strong></span> <span class='ocrx_word' id='word_1_123' title='bbox 1302 2156 1561 2227; x_wconf 82' lang='lat' dir='ltr'><strong>causa,</strong></span> <span class='ocrx_word' id='word_1_124' title='bbox 1593 2139 2088 2237; x_wconf 77' lang='lat' dir='ltr'><strong>‚frequentius.</strong></span> <span class='ocrx_word' id='word_1_125' title='bbox 2135 2146 2452 2241; x_wconf 83' lang='lat' dir='ltr'><strong>Amplifi·</strong></span> 
     </span>
     <span class='ocr_line' id='line_1_18' title="bbox 319 2250 2454 2350; baseline 0.002 -27"><span class='ocrx_word' id='word_1_126' title='bbox 319 2252 529 2323; x_wconf 84' lang='lat' dir='ltr'><strong>candi</strong></span> <span class='ocrx_word' id='word_1_127' title='bbox 580 2266 821 2323; x_wconf 75' lang='lat' dir='ltr'><strong>mitem</strong></span> <span class='ocrx_word' id='word_1_128' title='bbox 872 2274 1085 2322; x_wconf 88' lang='lat' dir='ltr'><strong>causa</strong></span> <span class='ocrx_word' id='word_1_129' title='bbox 1107 2304 1127 2339; x_wconf 91' lang='lat'>‚</span> <span class='ocrx_word' id='word_1_130' title='bbox 1172 2276 1369 2350; x_wconf 82' lang='lat' dir='ltr'><strong>quae,</strong></span> <span class='ocrx_word' id='word_1_131' title='bbox 1414 2266 1542 2321; x_wconf 87' lang='lat' dir='ltr'><strong>aut</strong></span> <span class='ocrx_word' id='word_1_132' title='bbox 1585 2266 1832 2350; x_wconf 85' lang='lat' dir='ltr'><strong>quum·</strong></span> <span class='ocrx_word' id='word_1_133' title='bbox 1866 2250 2364 2350; x_wconf 72' lang='lat' dir='ltr'><strong>digtedientur</strong></span> <span class='ocrx_word' id='word_1_134' title='bbox 2414 2282 2454 2327; x_wconf 86' lang='lat' dir='ltr'><strong>a</strong></span> 
     </span>
     <span class='ocr_line' id='line_1_19' title="bbox 320 2361 2452 2460; baseline 0.001 -27"><span class='ocrx_word' id='word_1_135' title='bbox 320 2385 569 2450; x_wconf 83' lang='lat' dir='ltr'><strong>causa,</strong></span> <span class='ocrx_word' id='word_1_136' title='bbox 604 2361 747 2435; x_wconf 86' lang='lat' dir='ltr'><strong>dici</strong></span> <span class='ocrx_word' id='word_1_137' title='bbox 789 2363 1063 2447; x_wconf 86' lang='lat' dir='ltr'><strong>solent,</strong></span> <span class='ocrx_word' id='word_1_138' title='bbox 1086 2377 1215 2436; x_wconf 86' lang='lat' dir='ltr'><strong>aut</strong></span> <span class='ocrx_word' id='word_1_139' title='bbox 1248 2385 1476 2460; x_wconf 84' lang='lat' dir='ltr'><strong>quum</strong></span> <span class='ocrx_word' id='word_1_140' title='bbox 1509 2361 1985 2460; x_wconf 83' lang='lat' dir='ltr'><strong>perorabunt,</strong></span> <span class='ocrx_word' id='word_1_141' title='bbox 2025 2362 2176 2433; x_wconf 81' lang='lat' dir='ltr'><strong>haec</strong></span> <span class='ocrx_word' id='word_1_142' title='bbox 2211 2364 2324 2434; x_wconf 86' lang='lat' dir='ltr'><strong>vel</strong></span> <span class='ocrx_word' id='word_1_143' title='bbox 2362 2365 2452 2436; x_wconf 86' lang='lat' dir='ltr'><strong>ad</strong></span> 
     </span>
     <span class='ocr_line' id='line_1_20' title="bbox 320 2463 2452 2560; baseline 0.001 -17"><span class='ocrx_word' id='word_1_144' title='bbox 320 2471 567 2544; x_wconf 85' lang='lat' dir='ltr'><strong>odium</strong></span> <span class='ocrx_word' id='word_1_145' title='bbox 589 2525 609 2560; x_wconf 92' lang='lat'><strong>,</strong></span> <span class='ocrx_word' id='word_1_146' title='bbox 644 2473 759 2543; x_wconf 80' lang='lat' dir='ltr'><strong>vel</strong></span> <span class='ocrx_word' id='word_1_147' title='bbox 788 2471 879 2543; x_wconf 76' lang='lat' dir='ltr'><strong>ad</strong></span> <span class='ocrx_word' id='word_1_148' title='bbox 922 2463 1477 2546; x_wconf 80' lang='lat' dir='ltr'><strong>misericordiam</strong></span> <span class='ocrx_word' id='word_1_149' title='bbox 1504 2525 1524 2560; x_wconf 95' lang='lat'><strong>,</strong></span> <span class='ocrx_word' id='word_1_150' title='bbox 1565 2473 1676 2542; x_wconf 78' lang='lat' dir='ltr'><strong>vel</strong></span> <span class='ocrx_word' id='word_1_151' title='bbox 1705 2475 2008 2550; x_wconf 87' lang='lat' dir='ltr'><strong>omnino</strong></span> <span class='ocrx_word' id='word_1_152' title='bbox 2039 2471 2126 2544; x_wconf 83' lang='lat' dir='ltr'><strong>ad</strong></span> <span class='ocrx_word' id='word_1_153' title='bbox 2157 2475 2452 2556; x_wconf 74' lang='lat' dir='ltr'><strong>‚animos</strong></span> 
     </span>
     <span class='ocr_line' id='line_1_21' title="bbox 312 2581 2452 2680; baseline 0.001 -28"><span class='ocrx_word' id='word_1_154' title='bbox 312 2581 641 2675; x_wconf 84' lang='lat' dir='ltr'><strong>judicum</strong></span> <span class='ocrx_word' id='word_1_155' title='bbox 680 2581 1083 2654; x_wconf 83' lang='lat' dir='ltr'><strong>movendos</strong></span> <span class='ocrx_word' id='word_1_156' title='bbox 1116 2607 1201 2652; x_wconf 84' lang='lat' dir='ltr'><strong>ex</strong></span> <span class='ocrx_word' id='word_1_157' title='bbox 1240 2583 1363 2668; x_wconf 87' lang='lat' dir='ltr'><strong>iis,</strong></span> <span class='ocrx_word' id='word_1_158' title='bbox 1410 2607 1574 2679; x_wconf 84' lang='lat' dir='ltr'><strong>quae</strong></span> <span class='ocrx_word' id='word_1_159' title='bbox 1611 2597 1794 2654; x_wconf 84' lang='lat' dir='ltr'><strong>sunt·</strong></span> <span class='ocrx_word' id='word_1_160' title='bbox 1817 2594 1982 2652; x_wconf 86' lang='lat' dir='ltr'><strong>ante</strong></span> <span class='ocrx_word' id='word_1_161' title='bbox 2029 2584 2293 2680; x_wconf 86' lang='lat' dir='ltr'><strong>posita,</strong></span> <span class='ocrx_word' id='word_1_162' title='bbox 2331 2607 2452 2654; x_wconf 85' lang='lat' dir='ltr'><strong>su-</strong></span> 
     </span>
     <span class='ocr_line' id='line_1_22' title="bbox 324 2691 2456 2789; baseline 0.001 -27"><span class='ocrx_word' id='word_1_163' title='bbox 324 2707 637 2780; x_wconf 71' lang='lat' dir='ltr'><strong>mentm,</strong></span> <span class='ocrx_word' id='word_1_164' title='bbox 668 2695 729 2764; x_wconf 88' lang='lat' dir='ltr'><strong>si</strong></span> <span class='ocrx_word' id='word_1_165' title='bbox 767 2693 989 2770; x_wconf 88' lang='lat' dir='ltr'><strong>modo</strong></span> <span class='ocrx_word' id='word_1_166' title='bbox 1029 2715 1273 2789; x_wconf 76' lang='lat' dir='ltr'><strong>rerum</strong></span> <span class='ocrx_word' id='word_1_167' title='bbox 1316 2691 1783 2789; x_wconf 81' lang='lat' dir='ltr'><strong>magnitudo,</strong></span> <span class='ocrx_word' id='word_1_168' title='bbox 1829 2691 2296 2769; x_wconf 86' lang='lat' dir='ltr'><strong>hominumve</strong></span> <span class='ocrx_word' id='word_1_169' title='bbox 2329 2709 2456 2766; x_wconf 88' lang='lat' dir='ltr'><strong>aut</strong></span> 
     </span>
     <span class='ocr_line' id='line_1_23' title="bbox 320 2800 2070 2900; baseline 0.002 -31"><span class='ocrx_word' id='word_1_170' title='bbox 320 2800 623 2886; x_wconf 68' lang='lat' dir='ltr'><strong>invidiag</strong></span> <span class='ocrx_word' id='word_1_171' title='bbox 652 2818 775 2873; x_wconf 84' lang='lat' dir='ltr'><strong>aut</strong></span> <span class='ocrx_word' id='word_1_172' title='bbox 818 2804 1127 2900; x_wconf 84' lang='lat' dir='ltr'><strong>dignitas</strong></span> <span class='ocrx_word' id='word_1_173' title='bbox 1160 2801 1576 2900; x_wconf 87' lang='lat' dir='ltr'><strong>postulabit.</strong></span> <span class='ocrx_word' id='word_1_174' title='bbox 2059 2843 2070 2854; x_wconf 95' lang='lat'><strong>·</strong></span> 
     </span>
     <span class='ocr_line' id='line_1_24' title="bbox 414 2910 2512 3012; baseline 0.002 -32"><span class='ocrx_word' id='word_1_175' title='bbox 414 2914 773 2982; x_wconf 81' lang='lat' dir='ltr'><strong>XXXVII.</strong></span> <span class='ocrx_word' id='word_1_176' title='bbox 798 2915 1127 3007; x_wconf 74' lang='lat' dir='ltr'><strong>(xxxvii.)</strong></span> <span class='ocrx_word' id='word_1_177' title='bbox 1160 2915 1239 2986; x_wconf 88' lang='lat' dir='ltr'><strong>C.</strong></span> <span class='ocrx_word' id='word_1_178' title='bbox 1272 2917 1345 2982; x_wconf 92' lang='lat' dir='ltr'><strong>F.</strong></span> <span class='ocrx_word' id='word_1_179' title='bbox 1386 2910 1638 2984; x_wconf 84' lang='lat' dir='ltr'><strong>Habeo</strong></span> <span class='ocrx_word' id='word_1_180' title='bbox 1673 2912 1862 2982; x_wconf 81' lang='lat' dir='ltr'><strong>ista:</strong></span> <span class='ocrx_word' id='word_1_181' title='bbox 1909 2935 2110 2983; x_wconf 87' lang='lat' dir='ltr'><strong>nunc</strong></span> <span class='ocrx_word' id='word_1_182' title='bbox 2143 2937 2227 2983; x_wconf 88' lang='lat' dir='ltr'><strong>ea</strong></span> <span class='ocrx_word' id='word_1_183' title='bbox 2242 2939 2450 3012; x_wconf 81' lang='lat' dir='ltr'><strong>,quae</strong></span> <span class='ocrx_word' id='word_1_184' title='bbox 2505 2919 2512 2926; x_wconf 76' lang='grc'>’</span> 
     </span>
     <span class='ocr_line' id='line_1_25' title="bbox 319 3021 2451 3133; baseline 0.002 -41"><span class='ocrx_word' id='word_1_185' title='bbox 319 3044 601 3116; x_wconf 89' lang='lat' dir='ltr'><strong>quum,</strong></span> <span class='ocrx_word' id='word_1_186' title='bbox 664 3023 878 3117; x_wconf 86' lang='lat' dir='ltr'><strong>quale</strong></span> <span class='ocrx_word' id='word_1_187' title='bbox 926 3024 1019 3091; x_wconf 88' lang='lat' dir='ltr'><strong>sit</strong></span> <span class='ocrx_word' id='word_1_188' title='bbox 1070 3024 1479 3122; x_wconf 86' lang='lat' dir='ltr'><strong>quippiam,</strong></span> <span class='ocrx_word' id='word_1_189' title='bbox 1541 3021 1734 3094; x_wconf 85' lang='lat' dir='ltr'><strong>disce</strong></span> <span class='ocrx_word' id='word_1_190' title='bbox 1789 3037 2014 3108; x_wconf 84' lang='lat' dir='ltr'><strong>tatur,</strong></span> <span class='ocrx_word' id='word_1_191' title='bbox 2073 3027 2301 3133; x_wconf 80' lang='lat' dir='ltr'><strong>quaeri</strong></span> <span class='ocrx_word' id='word_1_192' title='bbox 2361 3051 2451 3096; x_wconf 80' lang='lat' dir='ltr'><strong>ex</strong></span> 
     </span>
     <span class='ocr_line' id='line_1_26' title="bbox 320 3119 2453 3228; baseline 0.003 -29"><span class='ocrx_word' id='word_1_193' title='bbox 320 3143 627 3226; x_wconf 85' lang='lat' dir='ltr'><strong>utraque</strong></span> <span class='ocrx_word' id='word_1_194' title='bbox 650 3143 852 3228; x_wconf 87' lang='lat' dir='ltr'><strong>parte</strong></span> <span class='ocrx_word' id='word_1_195' title='bbox 875 3129 1147 3219; x_wconf 86' lang='lat' dir='ltr'><strong>deceat,</strong></span> <span class='ocrx_word' id='word_1_196' title='bbox 1166 3132 1381 3202; x_wconf 83' lang='lat' dir='ltr'><strong>velim</strong></span> <span class='ocrx_word' id='word_1_197' title='bbox 1411 3130 1782 3202; x_wconf 47' lang='lat' dir='ltr'><strong>audiress—</strong></span> <span class='ocrx_word' id='word_1_198' title='bbox 1797 3135 1872 3202; x_wconf 90' lang='lat' dir='ltr'><strong>C.</strong></span> <span class='ocrx_word' id='word_1_199' title='bbox 1883 3137 1969 3203; x_wconf 86' lang='grc' dir='ltr'><strong>Ῥ.</strong></span> <span class='ocrx_word' id='word_1_200' title='bbox 1994 3119 2453 3207; x_wconf 76' lang='lat' dir='ltr'><strong>confitentur</strong></span> 
     </span>
     <span class='ocr_line' id='line_1_27' title="bbox 319 3237 2449 3341; baseline 0.005 -35"><span class='ocrx_word' id='word_1_201' title='bbox 319 3238 397 3308; x_wconf 88' lang='lat' dir='ltr'><strong>in</strong></span> <span class='ocrx_word' id='word_1_202' title='bbox 440 3241 579 3310; x_wconf 84' lang='lat' dir='ltr'><strong>isto</strong></span> <span class='ocrx_word' id='word_1_203' title='bbox 612 3261 916 3334; x_wconf 85' lang='lat' dir='ltr'><strong>genere,</strong></span> <span class='ocrx_word' id='word_1_204' title='bbox 952 3239 1079 3335; x_wconf 88' lang='lat' dir='ltr'><strong>qui</strong></span> <span class='ocrx_word' id='word_1_205' title='bbox 1108 3255 1538 3335; x_wconf 77' lang='lat' dir='ltr'><strong>arguuntur,</strong></span> <span class='ocrx_word' id='word_1_206' title='bbox 1585 3265 1660 3312; x_wconf 85' lang='lat' dir='ltr'><strong>se</strong></span> <span class='ocrx_word' id='word_1_207' title='bbox 1697 3239 1767 3310; x_wconf 89' lang='lat' dir='ltr'><strong>id</strong></span> <span class='ocrx_word' id='word_1_208' title='bbox 1809 3237 2104 3314; x_wconf 87' lang='lat' dir='ltr'><strong>fecisse·</strong></span> <span class='ocrx_word' id='word_1_209' title='bbox 2073 3267 2344 3341; x_wconf 85' lang='lat' dir='ltr'><strong>·1psum‚</strong></span> <span class='ocrx_word' id='word_1_210' title='bbox 2371 3247 2449 3316; x_wconf 83' lang='lat' dir='ltr'><strong>i&#39;n</strong></span> 
     </span>
     <span class='ocr_line' id='line_1_28' title="bbox 322 3348 2450 3448; baseline 0.003 -30"><span class='ocrx_word' id='word_1_211' title='bbox 322 3373 473 3444; x_wconf 92' lang='lat' dir='ltr'><strong>quo</strong></span> <span class='ocrx_word' id='word_1_212' title='bbox 506 3348 1225 3448; x_wconf 58' lang='lat' dir='ltr'><strong>reprehendantuw:</strong></span> <span class='ocrx_word' id='word_1_213' title='bbox 1270 3351 1434 3436; x_wconf 89' lang='lat' dir='ltr'><strong>sed,</strong></span> <span class='ocrx_word' id='word_1_214' title='bbox 1486 3353 1832 3447; x_wconf 87' lang='lat' dir='ltr'><strong>quoniam</strong></span> <span class='ocrx_word' id='word_1_215' title='bbox 1877 3353 2042 3444; x_wconf 86' lang='lat' dir='ltr'><strong>jure</strong></span> <span class='ocrx_word' id='word_1_216' title='bbox 2089 3375 2166 3423; x_wconf 85' lang='lat' dir='ltr'><strong>se</strong></span> <span class='ocrx_word' id='word_1_217' title='bbox 2202 3353 2450 3426; x_wconf 83' lang='lat' dir='ltr'><strong>fecisse</strong></span> 
     </span>
     <span class='ocr_line' id='line_1_29' title="bbox 319 3455 2448 3558; baseline 0.006 -33"><span class='ocrx_word' id='word_1_218' title='bbox 319 3455 569 3534; x_wconf 84' lang='lat' dir='ltr'><strong>dicunt</strong></span> <span class='ocrx_word' id='word_1_219' title='bbox 594 3513 613 3545; x_wconf 92' lang='lat'><strong>,</strong></span> <span class='ocrx_word' id='word_1_220' title='bbox 654 3459 837 3553; x_wconf 85' lang='lat' dir='ltr'><strong>juris</strong></span> <span class='ocrx_word' id='word_1_221' title='bbox 870 3474 977 3531; x_wconf 89' lang='lat' dir='ltr'><strong>est</strong></span> <span class='ocrx_word' id='word_1_222' title='bbox 1006 3460 1241 3530; x_wconf 85' lang='lat' dir='ltr'><strong>omnis</strong></span> <span class='ocrx_word' id='word_1_223' title='bbox 1271 3461 1453 3531; x_wconf 88' lang='lat' dir='ltr'><strong>ratio</strong></span> <span class='ocrx_word' id='word_1_224' title='bbox 1491 3458 1706 3530; x_wconf 89' lang='lat' dir='ltr'><strong>nobis</strong></span> <span class='ocrx_word' id='word_1_225' title='bbox 1745 3459 2186 3558; x_wconf 82' lang='lat' dir='ltr'><strong>explicanda.</strong></span> <span class='ocrx_word' id='word_1_226' title='bbox 2231 3466 2448 3554; x_wconf 82' lang='lat' dir='ltr'><strong>Quod</strong></span> 
     </span>
     <span class='ocr_line' id='line_1_30' title="bbox 400 3618 2448 3687; baseline 0.006 -22"><span class='ocrx_word' id='word_1_227' title='bbox 400 3633 478 3665; x_wconf 80' lang='grc' dir='ltr'><strong>ιο.</strong></span> <span class='ocrx_word' id='word_1_228' title='bbox 502 3618 749 3687; x_wconf 70' lang='lat' dir='ltr'><strong>Adfinem</strong></span> <span class='ocrx_word' id='word_1_229' title='bbox 773 3621 844 3670; x_wconf 76' lang='grc' dir='ltr'><strong>αἱ.</strong></span> <span class='ocrx_word' id='word_1_230' title='bbox 858 3638 971 3686; x_wconf 80' lang='lat' dir='ltr'><strong>per.</strong></span> <span class='ocrx_word' id='word_1_231' title='bbox 1007 3621 1231 3686; x_wconf 73' lang='lat' dir='ltr'><strong>Aliquem</strong></span> <span class='ocrx_word' id='word_1_232' title='bbox 1258 3621 1342 3672; x_wconf 68' lang='lat' dir='ltr'><strong>ab·</strong></span> <span class='ocrx_word' id='word_1_233' title='bbox 1509 3637 1588 3671; x_wconf 74' lang='lat' dir='ltr'><strong>n.</strong></span> <span class='ocrx_word' id='word_1_234' title='bbox 1607 3621 1710 3686; x_wconf 80' lang='lat' dir='ltr'><strong>Qui</strong></span> <span class='ocrx_word' id='word_1_235' title='bbox 1721 3622 1794 3670; x_wconf 72' lang='lat' dir='ltr'><strong>ita</strong></span> <span class='ocrx_word' id='word_1_236' title='bbox 1813 3621 2006 3685; x_wconf 71' lang='lat' dir='ltr'><strong>loquuti</strong></span> <span class='ocrx_word' id='word_1_237' title='bbox 2019 3633 2146 3671; x_wconf 75' lang='lat' dir='ltr'><strong>sum.</strong></span> <span class='ocrx_word' id='word_1_238' title='bbox 2170 3623 2296 3674; x_wconf 75' lang='lat' dir='ltr'><strong>Edd.</strong></span> <span class='ocrx_word' id='word_1_239' title='bbox 2311 3627 2448 3678; x_wconf 75' lang='lat' dir='ltr'><strong>Med.</strong></span> 
     </span>
     <span class='ocr_line' id='line_1_31' title="bbox 320 3697 2455 3768; baseline 0.006 -25"><span class='ocrx_word' id='word_1_240' title='bbox 320 3706 397 3744; x_wconf 72' lang='lat' dir='ltr'><strong>ent</strong></span> <span class='ocrx_word' id='word_1_241' title='bbox 426 3713 455 3744; x_wconf 83' lang='grc' dir='ltr'><strong>ιι</strong></span> <span class='ocrx_word' id='word_1_242' title='bbox 472 3697 563 3746; x_wconf 70' lang='grc' dir='ltr'><strong>ΜΒ</strong></span> <span class='ocrx_word' id='word_1_243' title='bbox 583 3699 639 3746; x_wconf 86' lang='grc' dir='ltr'><strong>Ε.</strong></span> <span class='ocrx_word' id='word_1_244' title='bbox 666 3715 756 3747; x_wconf 84' lang='lat' dir='ltr'><strong>nec</strong></span> <span class='ocrx_word' id='word_1_245' title='bbox 786 3700 929 3750; x_wconf 73' lang='lat' dir='ltr'><strong>video</strong></span> <span class='ocrx_word' id='word_1_246' title='bbox 954 3717 1056 3766; x_wconf 79' lang='lat' dir='ltr'><strong>quo</strong></span> <span class='ocrx_word' id='word_1_247' title='bbox 1084 3703 1338 3766; x_wconf 71' lang='lat' dir='ltr'><strong>pertinent.</strong></span> <span class='ocrx_word' id='word_1_248' title='bbox 1428 3699 1550 3760; x_wconf 63' lang='grc' dir='ltr'><strong>ΔΜ,</strong></span> <span class='ocrx_word' id='word_1_249' title='bbox 1567 3711 1662 3750; x_wconf 74' lang='lat' dir='ltr'><strong>otc.</strong></span> <span class='ocrx_word' id='word_1_250' title='bbox 1680 3701 1810 3752; x_wconf 75' lang='lat' dir='ltr'><strong>icem.</strong></span> <span class='ocrx_word' id='word_1_251' title='bbox 1829 3703 1910 3748; x_wconf 77' lang='lat' dir='ltr'><strong>Ita</strong></span> <span class='ocrx_word' id='word_1_252' title='bbox 1929 3715 2092 3750; x_wconf 76' lang='lat' dir='ltr'><strong>verum</strong></span> <span class='ocrx_word' id='word_1_253' title='bbox 2114 3712 2214 3754; x_wconf 72' lang='lat' dir='ltr'><strong>ent:</strong></span> <span class='ocrx_word' id='word_1_254' title='bbox 2244 3705 2332 3768; x_wconf 83' lang='lat' dir='ltr'><strong>qui</strong></span> <span class='ocrx_word' id='word_1_255' title='bbox 2355 3723 2455 3756; x_wconf 74' lang='lat' dir='ltr'><strong>vei·-</strong></span> 
     </span>
    </p>
   </div>
   <div class='ocr_carea' id='block_1_3' title="bbox 318 3775 2456 4162">
    <p class='ocr_par' dir='ltr' id='par_1_3' title="bbox 319 3775 2180 3844">
     <span class='ocr_line' id='line_1_32' title="bbox 319 3775 2180 3844; baseline 0.005 -22"><span class='ocrx_word' id='word_1_256' title='bbox 319 3775 447 3823; x_wconf 78' lang='lat' dir='ltr'><strong>Eu.</strong></span> <span class='ocrx_word' id='word_1_257' title='bbox 479 3803 549 3812; x_wconf 90' lang='lat'><strong>--</strong></span> <span class='ocrx_word' id='word_1_258' title='bbox 584 3775 843 3826; x_wconf 69' lang='lat' dir='ltr'><strong>Schiitzius</strong></span> <span class='ocrx_word' id='word_1_259' title='bbox 872 3781 1071 3844; x_wconf 74' lang='lat' dir='ltr'><strong>eon-igit</strong></span> <span class='ocrx_word' id='word_1_260' title='bbox 1102 3803 1126 3827; x_wconf 71' lang='grc' dir='ltr'><strong>ι</strong></span> <span class='ocrx_word' id='word_1_261' title='bbox 1145 3778 1340 3830; x_wconf 70' lang='lat' dir='ltr'><strong>affinem</strong></span> <span class='ocrx_word' id='word_1_262' title='bbox 1430 3779 1549 3831; x_wconf 73' lang='lat' dir='ltr'><strong>bum</strong></span> <span class='ocrx_word' id='word_1_263' title='bbox 1575 3795 1635 3828; x_wconf 85' lang='grc' dir='ltr'><strong>οο</strong></span> <span class='ocrx_word' id='word_1_264' title='bbox 1661 3795 1808 3832; x_wconf 69' lang='lat' dir='ltr'><strong>sensu</strong></span> <span class='ocrx_word' id='word_1_265' title='bbox 1839 3779 2025 3829; x_wconf 73' lang='lat' dir='ltr'><strong>dixere.</strong></span> <span class='ocrx_word' id='word_1_266' title='bbox 2053 3783 2180 3832; x_wconf 67' lang='lat' dir='ltr'><strong>Ean.</strong></span> 
     </span>
    </p>

    <p class='ocr_par' dir='ltr' id='par_1_4' title="bbox 320 3852 2456 4006">
     <span class='ocr_line' id='line_1_33' title="bbox 320 3852 2451 3926; baseline 0.007 -26"><span class='ocrx_word' id='word_1_267' title='bbox 320 3852 531 3917; x_wconf 68' lang='lat' dir='ltr'><strong>aliquan</strong></span> <span class='ocrx_word' id='word_1_268' title='bbox 556 3855 763 3920; x_wconf 62' lang='lat' dir='ltr'><strong>periculi</strong></span> <span class='ocrx_word' id='word_1_269' title='bbox 784 3878 825 3908; x_wconf 73' lang='grc' dir='ltr'><strong>ι.</strong></span> <span class='ocrx_word' id='word_1_270' title='bbox 1501 3861 1770 3912; x_wconf 81' lang='lat' dir='ltr'><strong>xxxvn.</strong></span> <span class='ocrx_word' id='word_1_271' title='bbox 1799 3876 1846 3908; x_wconf 86' lang='lat'><strong>1.</strong></span> <span class='ocrx_word' id='word_1_272' title='bbox 1866 3859 1928 3908; x_wconf 76' lang='lat' dir='ltr'><strong>In</strong></span> <span class='ocrx_word' id='word_1_273' title='bbox 1960 3873 2058 3921; x_wconf 78' lang='lat' dir='ltr'><strong>quo</strong></span> <span class='ocrx_word' id='word_1_274' title='bbox 2090 3861 2451 3926; x_wconf 71' lang='lat' dir='ltr'><strong>reprehendan-</strong></span> 
     </span>
     <span class='ocr_line' id='line_1_34' title="bbox 396 3934 2456 4006; baseline 0.006 -25"><span class='ocrx_word' id='word_1_275' title='bbox 396 3949 480 3981; x_wconf 81' lang='grc' dir='ltr'><strong>ιι.</strong></span> <span class='ocrx_word' id='word_1_276' title='bbox 497 3934 585 3980; x_wconf 74' lang='lat' dir='ltr'><strong>Ad</strong></span> <span class='ocrx_word' id='word_1_277' title='bbox 596 3949 895 3984; x_wconf 75' lang='lat' dir='ltr'><strong>communem</strong></span> <span class='ocrx_word' id='word_1_278' title='bbox 912 3943 1125 3988; x_wconf 66' lang='lat' dir='ltr'><strong>sennem.</strong></span> <span class='ocrx_word' id='word_1_279' title='bbox 1141 3935 1335 3990; x_wconf 61' lang='lat' dir='ltr'><strong>Sobata.</strong></span> <span class='ocrx_word' id='word_1_280' title='bbox 1429 3948 1522 3987; x_wconf 80' lang='lat' dir='ltr'><strong>mr.</strong></span> <span class='ocrx_word' id='word_1_281' title='bbox 1549 3940 1632 3988; x_wconf 72' lang='lat' dir='ltr'><strong>sio</strong></span> <span class='ocrx_word' id='word_1_282' title='bbox 1659 3941 1850 3988; x_wconf 71' lang='lat' dir='ltr'><strong>Emett.</strong></span> <span class='ocrx_word' id='word_1_283' title='bbox 1879 3939 2067 4002; x_wconf 79' lang='lat' dir='ltr'><strong>priores</strong></span> <span class='ocrx_word' id='word_1_284' title='bbox 2085 3973 2100 3998; x_wconf 91' lang='lat'><strong>,</strong></span> <span class='ocrx_word' id='word_1_285' title='bbox 2139 3949 2186 3990; x_wconf 78' lang='lat' dir='ltr'><strong>et</strong></span> <span class='ocrx_word' id='word_1_286' title='bbox 2223 3942 2330 4006; x_wconf 67' lang='lat' dir='ltr'><strong>ipsc</strong></span> <span class='ocrx_word' id='word_1_287' title='bbox 2364 3957 2456 3992; x_wconf 81' lang='lat' dir='ltr'><strong>nu-</strong></span> 
     </span>
    </p>

    <p class='ocr_par' dir='ltr' id='par_1_5' title="bbox 318 4014 2456 4083">
     <span class='ocr_line' id='line_1_35' title="bbox 318 4014 2456 4083; baseline 0.006 -25"><span class='ocrx_word' id='word_1_288' title='bbox 318 4031 347 4054; x_wconf 80' lang='lat'><strong>·</strong></span> <span class='ocrx_word' id='word_1_289' title='bbox 362 4014 729 4064; x_wconf 68' lang='lat' dir='ltr'><strong>accommodate</strong></span> <span class='ocrx_word' id='word_1_290' title='bbox 754 4015 819 4064; x_wconf 72' lang='lat' dir='ltr'><strong>nd</strong></span> <span class='ocrx_word' id='word_1_291' title='bbox 836 4031 1011 4066; x_wconf 83' lang='lat' dir='ltr'><strong>comm.</strong></span> <span class='ocrx_word' id='word_1_292' title='bbox 1031 4035 1071 4067; x_wconf 77' lang='grc' dir='ltr'><strong>ι.</strong></span> <span class='ocrx_word' id='word_1_293' title='bbox 1093 4039 1119 4060; x_wconf 75' lang='grc' dir='ltr'><strong>υ</strong></span> <span class='ocrx_word' id='word_1_294' title='bbox 1138 4027 1340 4068; x_wconf 74' lang='lat' dir='ltr'><strong>auctore</strong></span> <span class='ocrx_word' id='word_1_295' title='bbox 1428 4033 1520 4083; x_wconf 76' lang='lat' dir='ltr'><strong>per</strong></span> <span class='ocrx_word' id='word_1_296' title='bbox 1551 4016 1750 4068; x_wconf 77' lang='lat' dir='ltr'><strong>Schiitz.</strong></span> <span class='ocrx_word' id='word_1_297' title='bbox 1788 4040 1813 4059; x_wconf 76' lang='grc' dir='ltr'><strong>αι</strong></span> <span class='ocrx_word' id='word_1_298' title='bbox 1831 4033 1884 4065; x_wconf 75' lang='grc' dir='ltr'><strong>ιο</strong></span> <span class='ocrx_word' id='word_1_299' title='bbox 1909 4017 1964 4066; x_wconf 83' lang='lat' dir='ltr'><strong>id</strong></span> <span class='ocrx_word' id='word_1_300' title='bbox 1989 4019 2160 4068; x_wconf 67' lang='lat' dir='ltr'><strong>fecisse</strong></span> <span class='ocrx_word' id='word_1_301' title='bbox 2180 4020 2342 4083; x_wconf 74' lang='lat' dir='ltr'><strong>ipoum</strong></span> <span class='ocrx_word' id='word_1_302' title='bbox 2357 4055 2374 4082; x_wconf 88' lang='lat'><strong>,</strong></span> <span class='ocrx_word' id='word_1_303' title='bbox 2400 4023 2456 4071; x_wconf 82' lang='lat' dir='ltr'><strong>in</strong></span> 
     </span>
    </p>

    <p class='ocr_par' dir='ltr' id='par_1_6' title="bbox 322 4089 2038 4162">
     <span class='ocr_line' id='line_1_36' title="bbox 322 4089 2038 4162; baseline 0.006 -26"><span class='ocrx_word' id='word_1_304' title='bbox 322 4089 579 4140; x_wconf 63' lang='lat' dir='ltr'><strong>lambino.</strong></span> <span class='ocrx_word' id='word_1_305' title='bbox 1426 4111 1532 4161; x_wconf 79' lang='lat' dir='ltr'><strong>qno</strong></span> <span class='ocrx_word' id='word_1_306' title='bbox 1556 4095 1985 4162; x_wconf 76' lang='lat' dir='ltr'><strong>reprehenduntur</strong></span> <span class='ocrx_word' id='word_1_307' title='bbox 1999 4117 2038 4146; x_wconf 75' lang='lat' dir='ltr'><strong>n.</strong></span> 
     </span>
    </p>
   </div>
   <div class='ocr_carea' id='block_1_4' title="bbox 2933 3255 2937 3950">
    <p class='ocr_par' dir='ltr' id='par_1_7' title="bbox 2933 3255 2937 3950">
     <span class='ocr_line' id='line_1_37' title="bbox 2933 3255 2937 3950; baseline 0 0"><span class='ocrx_word' id='word_1_308' title='bbox 2933 3255 2937 3950; x_wconf 95' lang='lat' dir='ltr'><strong> </strong></span> 
     </span>
    </p>
   </div>
  </div>
 </body>
</html>
