2982 4682
441 358 582 435 366
1118 353 1220 422 M.
1269 353 1347 422 Τ.
1403 349 1892 422 CICERONIS

440 489 638 584 ipso,
679 484 807 579 qui
838 475 1182 576 judicarit
1201 529 1222 564 ,
1275 473 1635 571 judicium
1670 470 1833 544 fieri
1866 467 2213 541 videatur.
2258 472 2573 565 Oportet

441 608 680 665 autem
736 586 1342 674 animadvertere,
1399 607 1495 654 ne
1517 638 1538 671 ‚
1602 603 1833 679 quum
1894 579 2104 651 aliter*
2144 579 2373 649 multa
2432 581 2579 650 sint

435 701 780 798 judicata,
827 691 1677 792 solitarium.aliquod¹¹‚
1734 705 1863 762 aut
1898 713 2145 760 rarum
2178 687 2579 782 judicatum

443 809 806 883 afferatur.
840 809 1024 880 Nam
1061 803 1176 875 his
1221 803 1444 874 rebus
1494 801 1883 873 auctoritas
1910 885 1918 893 ‚
1926 798 2225 895 judicati
2275 802 2581 869 maxime

441 935 685 1021 potest
721 917 1092 990 infirmari.
1133 919 1370 1011 Atque
1411 937 1495 983 ea
1535 911 1833 1010 quidem
1852 922 1940 997 ¹²,
1974 934 2139 1006 quae
2171 911 2375 1006 quasi
2416 933 2585 1006 pro-

443 1031 712 1106 babilia
737 1041 1118 1100 sumentur
1135 1021 1226 1114 ¹³,
1244 1023 1334 1095 ad
1363 1023 1561 1094 hunc
1579 1020 1883 1093 modum
1908 1021 2169 1091 tentari
2186 1017 2577 1116 oportebit.

542 1145 756 1214 XLV.
803 1136 1020 1236 (πυτ.)
1070 1137 1250 1224 Quae
1305 1157 1482 1203 vero
1538 1133 1751 1202 sicuti
1798 1129 2191 1201 necessaria
2238 1127 2585 1200 inducen-

448 1271 594 1342 tur,
631 1277 716 1324 ea
751 1254 810 1322 si
853 1248 1041 1320 forte
1077 1243 1559 1316 imitabuntur
1590 1241 1813 1313 modo
1863 1241 2331 1312 necessariam
2372 1263 2581 1334 argu·-

450 1362 970 1434 mentationem
992 1410 1012 1442 ‚
1051 1379 1294 1452 neque
1341 1368 1559 1424 erunt
1604 1351 1996 1448 ejusmodi,
2046 1351 2151 1420 sic
2191 1348 2585 1446 reprehen-

452 1471 740 1544 dentur.
761 1470 1082 1540 Primum
1109 1463 1519 1562 complexio
1545 1474 1599 1550 ¹,
1630 1487 1795 1559 quae
1812 1515 1831 1547 ‚
1854 1476 2099 1530 utrum
2126 1459 2587 1542 concesseri5‚

452 1581 674 1652 debet
717 1579 1010 1662 tollere,
1049 1578 1108 1647 si
1149 1599 1311 1646 vera
1349 1589 1497 1662 est,
1540 1595 1939 1669 numquam
1978 1567 2587 1667 reprehendetur;

455 1693 566 1765 sin
601 1689 772 1761 falsa
794 1743 814 1774 ‚
839 1686 1130 1760 duobus
1157 1685 1394 1756 modis
1412 1739 1432 1770 ‚
1460 1697 1589 1754 aut
1614 1682 2087 1754 conversione
2104 1735 2125 1768 ‚
2154 1691 2277 1750 aut
2301 1679 2591 1750 alterius

456 1803 680 1901 partis
711 1797 1222 1870 infirmatione.
1259 1797 1793 1867 Conversione²
1826 1791 1969 1862 hoc
2010 1788 2275 1861 modo:

647 1991 799 2046 Nam
827 1984 878 2042 si
900 1995 1136 2042 veretur
1163 1981 1208 2052 ³,
1235 1979 1377 2058 quid
1406 1997 1541 2036 eum
1569 1996 1801 2036 accuses
1822 2019 1838 2048 ,
1869 1976 1972 2054 qui
2000 1987 2087 2032 est
2114 1972 2337 2053 probus
2354 1976 2380 2030 Ρ

649 2079 751 2138 Sin
779 2072 1237 2134 inverecundum
1267 2071 1446 2129 animi
1473 2069 1769 2149 ingenium
1800 2066 2060 2147 possidet
2079 2110 2095 2138 ,

535 2313 558 2347 1
573 2313 618 2347 1.
647 2291 924 2344 Solitariam
945 2289 1177 2356 aliquod,
1199 2299 1296 2336 etc.
1319 2284 1490 2339 schiit-

464 2380 568 2427 zius
593 2377 676 2425 dat
700 2390 716 2425 ε
745 2396 770 2417 ιι
792 2372 884 2421 sol.
913 2372 976 2419 el.
999 2370 1270 2431 judicatum
1295 2376 1381 2415 aut
1407 2382 1490 2413 ra-

461 2476 570 2509 rum
595 2478 618 2502 s
649 2473 676 2503 e
699 2453 827 2503 MSS
853 2454 950 2501 Ox.
979 2450 1056 2497 ed.
1087 2465 1142 2497 2.
1165 2446 1372 2513 Aliquid
1399 2446 1488 2493 ha-

458 2538 578 2586 beut
603 2537 746 2583 Voss.
784 2547 827 2590 1,
857 2547 886 2577 α
904 2566 919 2588 ,
949 2526 1087 2575 Leid.
1121 2542 1167 2589 ι,
1197 2536 1247 2573 et
1271 2527 1416 2573 Voss.
1447 2539 1491 2571 c.

460 2616 614 2667 schol.
657 2632 701 2664 a.
735 2627 814 2675 pr.
844 2626 910 2657 m.
941 2610 1000 2655 Iu
1039 2602 1176 2652 Leid.
1209 2618 1232 2651 ι
1261 2602 1396 2650 abest
1421 2616 1495 2666 Ju-

461 2698 680 2747 dieatum
694 2714 715 2751 ,-
733 2690 870 2757 quod
885 2704 1001 2737 sane
1013 2704 1076 2735 ex
1095 2680 1499 2735 antecedentibus

459 2776 600 2828 facile
635 2771 945 2835 intelligitur,
971 2765 1120 2817 scribi
1145 2780 1248 2813 non
1277 2771 1380 2811 erat
1405 2776 1495 2808 ne-

463 2873 613 2905 cesse.
641 2858 756 2903 Scu.

543 2950 624 2984 ια.
655 2936 823 2995 Atque
851 2944 911 2974 ea
937 2918 1150 2990 quidem.
1189 2922 1497 2985 Argumenta

461 3010 601 3079 quod
629 3009 712 3058 bic
743 3010 795 3055 in
835 3004 948 3054 edd.
982 3000 1267 3058 addebatur,
1295 2998 1430 3046 abest
1468 3012 1496 3043 a

460 3092 586 3141 Mss
605 3084 838 3136 Oudend.
861 3083 1131 3149 plerisque,
1155 3078 1285 3127 unde
1298 3077 1397 3138 jam
1411 3078 1497 3125 Er-

464 3168 590 3219 nesti
619 3176 751 3213 recte
772 3161 972 3210 delevit.
1006 3162 1118 3207 Seu.

543 3248 622 3295 13.
637 3246 913 3291 Sumentur.
935 3239 1014 3285 Sic
1035 3235 1226 3284 eon-exi
1244 3234 1497 3299 vulgatum

466 3334 730 3377 sumuntur·
752 3336 780 3369 e
799 3320 896 3367 Gn.
925 3332 972 3375 r,
999 3314 1114 3364 edd.
1137 3324 1255 3361 vett.
1284 3315 1400 3377 quia
1423 3329 1499 3360 se·

461 3405 631 3472 quitur
673 3402 724 3449 in
767 3398 1018 3448 contrario
1058 3393 1366 3452 inducentur,
1405 3408 1501 3457 pro

465 3502 566 3552 quo
595 3482 720 3531 MSS
747 3477 888 3527 mult.
915 3475 1031 3524 edd.
1067 3484 1184 3522 vett.
1209 3471 1394 3519 habent
1425 3470 1501 3518 di-

467 3576 652 3614 centur.
677 3558 808 3609 Illud
835 3558 940 3604 sine
961 3552 1332 3625 dubio'meiius.
1359 3553 1496 3598 Eun.
1520 3562 1527 3571 ·

537 3644 699 3691 XLV.
730 3654 776 3687 x.
801 3636 1016 3685 Pritneem
1036 3631 1330 3698 complexio,
1351 3632 1501 3677 Hune

465 3724 665 3778 locum,
694 3719 808 3783 quia
837 3727 911 3764 est
949 3712 1199 3761 difficilior
1225 3710 1286 3757 ad
1313 3706 1500 3785 intelli:

468 3802 678 3869 gendum
699 3814 800 3846 uon
821 3794 1020 3843 assuetis
1041 3790 1191 3838 veteri
1213 3787 1498 3845 dialecticae,

471 3878 844 3930 dilucidabimus
869 3870 1097 3919 breviter.
1119 3866 1332 3915 Primum
1359 3877 1504 3910 eom-e

443 3948 634 4027 'ple-*rio
671 3956 724 4004 h.
751 3956 785 4003 ἱ.
826 3960 898 3999 est
937 3944 1319 4012 argumentatio,
1361 3944 1501 4002 cnjus

471 4040 596 4087 ratio
635 4034 907 4099 explicatur
938 4039 1082 4091 supra
1111 4042 1160 4073 c.
1190 4038 1260 4085 29
1278 4056 1292 4080 ‚
1333 4032 1506 4084 estque

470 4114 710 4165 simillima
750 4106 1045 4165 dilemmuti,
1083 4116 1168 4152 aut
1204 4102 1382 4149 nititur
1423 4100 1503 4147 di-

1574 2277 1813 2324 lemmate.
1834 2277 1901 2323 Ea
1925 2274 2072 2322 debet
2094 2271 2282 2333 tollere,
2301 2273 2340 2321 i.
2363 2289 2405 2320 e.
2424 2287 2601 2337 negare

1574 2368 1627 2405 et
1650 2357 1821 2405 falsum
1852 2354 2101 2419 indicere,
2136 2364 2285 2417 atque
2310 2354 2597 2417 ostendere,

1575 2436 1859 2485 utrumlibet
1887 2450 1916 2482 e
1952 2434 2147 2485 duobus
2182 2435 2387 2498 sumptis
2424 2450 2598 2483 couce-

1578 2516 1721 2563 datur
1756 2514 1819 2562 ab
1853 2512 2149 2562 adversario.
2184 2514 2251 2559 Ea
2282 2512 2430 2575 igitur
2453 2529 2600 2576 argu-

1576 2592 1839 2651 mentatio,
1866 2592 1907 2640 si
1932 2592 2183 2641 evidenter
2214 2606 2329 2639 vera
2362 2600 2463 2649 est,
2497 2604 2603 2637 non

1578 2673 1813 2723 debemus
1829 2687 1935 2721 eam
1954 2670 2307 2735 reprehendere
2328 2669 2470 2730 velle,
2488 2670 2605 2735 quia

1575 2753 1735 2800 inanis
1761 2762 1833 2798 est
1859 2748 2016 2809 labor,
2042 2760 2091 2796 et
2118 2750 2261 2797 obest
2276 2750 2443 2813 potius
2458 2764 2602 2813 quarn

1578 2830 1795 2897 prodest.
1818 2828 1884 2876 At
1904 2829 1945 2875 si
1963 2828 2075 2876 salsa
2094 2838 2145 2875 et
2161 2828 2337 2876 vitiosa
2352 2838 2423 2875 est
2436 2864 2449 2889 ,
2470 2826 2605 2891 quod

1576 2922 1664 2959 aut
1694 2910 1747 2956 in
1780 2908 2123 2973 propositione
2156 2922 2257 2955 nou
2284 2919 2505 2955 accurata
2531 2918 2607 2955 est

1581 2986 1848 3048 disjunctio
1887 2996 1971 3033 aut
2010 2986 2240 3049 pertitio,
2282 2995 2379 3034 ete.
2422 2996 2505 3033 sut
2545 3000 2607 3033 ex

1579 3066 1785 3130 siugulis
1828 3080 1929 3114 non
1972 3076 2101 3113 recte
2144 3064 2459 3125 conclusum,
2505 3074 2609 3112 tun

1580 3146 1895 3210 reprehensio
1940 3144 2168 3193 tentanda
2214 3154 2310 3203 est,
2348 3160 2499 3210 eaque
2536 3146 2611 3192 fn·-

1580 3225 1783 3283 ciende,
1816 3234 1901 3272 aut
1941 3242 2031 3289 per
2068 3226 2433 3273 conversionem
2451 3258 2467 3285 ‚
2494 3236 2606 3284 aut,

1584 3314 1683 3351 etc.
1703 3306 1836 3352 Ean.

1652 3396 1703 3430 a.
1736 3380 2075 3429 Conuersione.
2100 3380 2209 3442 Qua
2239 3394 2359 3428 voee
2384 3380 2612 3444 intelligit

1580 3462 1679 3510 boc
1706 3460 1949 3509 refutandi
1979 3474 2152 3523 genus,
2184 3454 2403 3523 quod’iu
2430 3459 2613 3508 scholis

1580 3541 1731 3604 vulgo
1760 3540 1967 3587 dicimus
1994 3560 2020 3581 α
2043 3549 2325 3602 retorquere
2348 3554 2607 3608 argumen-

1585 3630 1691 3668 tum
1718 3640 1761 3666 ιι.
1792 3620 2008 3667 Cmn.

1658 3700 1709 3747 3.
1737 3700 1869 3747 Nam
1894 3698 1936 3745 εἰ
1956 3706 2171 3744 veretur.
2203 3696 2409 3743 iambici
2438 3698 2617 3743 senarii

1589 3788 1730 3835 sunt,
1762 3794 1826 3825 ex
1864 3776 2026 3825 Ennio
2054 3776 2255 3839 sumpti.
2292 3774 2417 3824 Nam
2446 3786 2620 3823 motor

1588 3857 1651 3905 ad
1675 3858 1975 3905 Herennium
1994 3856 2086 3903 hos
2104 3870 2270 3902 versus
2288 3854 2395 3919 ipse
2420 3868 2621 3918 quoqne

1589 3939 1713 3987 citat
1730 3954 1792 3985 ex
1812 3936 2099 3995 EnniossiB.
2127 3940 2193 3995 ΙΙ,
2216 3952 2263 3983 c.
2285 3936 2373 3983 26.
2393 3934 2620 3983 Naso.—

1598 4020 1815 4065 Vmwr.
1858 4018 1921 4063 Η.
1953 4032 1999 4064 e.
2040 4015 2345 4063 verecundus
2380 4024 2483 4072 est,
2508 4008 2623 4061 ute

1599 4112 1734 4161 seqq.
1754 4106 1905 4160 patet.
