2982 4682
381 468 837 493 mmmmm
841 465 2485 489 mmmmm-“mmmmm

786 670 937 772 Μ.
1020 670 1149 771 Τ.
1222 666 2063 774 CICERONIS

884 879 1035 976 An
1095 898 1185 977 c.
1231 806 1978 999 TREBATIUM‚

1054 1108 1792 1231 TOPICA.

922 1360 956 1365 —
968 1361 980 1365 -
1002 1342 1810 1377 ---————-000-——-v--
1822 1362 1833 1367 -
1861 1360 1920 1367 —-—
2025 1355 2029 1360 ·

366 1564 418 1629 1.
470 1514 869 1635 Munus
896 1580 1031 1627 nos
1054 1578 1169 1627 res
1190 1567 1211 1600 ¹
1249 1555 1566 1627 scribere
1596 1558 2026 1654 ingressos²‚
2057 1562 2138 1630 C.
2171 1558 2498 1645 Trebati,

364 1682 437 1740 et
468 1671 551 1739 iis
572 1669 805 1757 libris,
839 1692 1026 1765 quos
1052 1665 1255 1737 brevi
1276 1680 1602 1764 tempore
1626 1668 1794 1735 satis
1821 1667 2089 1739 multos
2119 1668 2500 1758 edidimu5‚

316 1834 327 1841 .
364 1776 729 1875 digniores
751 1832 770 1865 ,
805 1802 845 1849 e
879 1800 1097 1875 cursu
1130 1777 1289 1872 ipso
1317 1777 1677 1847 revocavit
1706 1777 2037 1848 voluntas
2068 1792 2212 1849 tua.
2249 1782 2498 1870 Quum

364 1892 556 1959 enim
593 1912 877 1959 mecum
909 1889 985 1956 in
1016 1886 1425 1957 Tusculano
1459 1910 1680 1973 esses»,
1717 1891 1890 1958 etin
1917 1886 2359 1962 bibliotheca
2395 1916 2501 1965 se·

364 2001 664 2097 paratim
704 2014 1012 2094 uterque
1050 2010 1379 2067 nostrum
1424 1997 1512 2067 ad
1558 2022 1769 2068 suum
1819 1998 2142 2069 studium
2179 2000 2501 2093 libellos,

364 2134 551 2206 quos
588 2108 839 2193 vellet,
886 2107 1285 2193 evolveret,
1338 2107 1650 2178 incidisti
1689 2111 1764 2179 in
1802 2110 2200 2181 Aristotelis
2231 2115 2499 2210 Topica

365 2219 733 2315 quaedam,
773 2240 935 2313 quae
980 2229 1150 2286 sunt
1189 2216 1281 2287 ab
1325 2216 1448 2287 illo
1496 2217 1830 2315 pluribus
1878 2218 2079 2289 libris
2129 2222 2494 2317 explicata.

364 2332 527 2419 Qua
570 2329 1037 2427 inscriptione
1082 2332 1531 2415 commotus,
1589 2330 1940 2399 continuo
1983 2353 2023 2398 a
2077 2353 2194 2399 me
2245 2355 2498 2402 eorum
2575 2373 2578 2378 -

366 2439 719 2510 librorum
758 2439 1185 2510 sententiam
1233 2440 1614 2534 requisisti.
1668 2441 1902 2528 Quam
1941 2438 2072 2510 tibi
2108 2465 2336 2536 quum
2375 2467 2498 2512 ex·

368 2553 798 2646 posuissem,
858 2547 1309 2645 disciplinam
1374 2548 1978 2619 inveniendorum
2035 2566 2502 2646 argumento-

367 2685 562 2744 rum,
598 2674 678 2730 ut
707 2662 859 2729 sine
896 2658 1040 2728 ullo
1078 2682 1321 2728 errore
1356 2655 1445 2727 ad
1478 2682 1632 2728 earn
1669 2662 2021 2728 rationem
2059 2655 2218 2729 via³
2253 2685 2502 2758 perve-

366 2772 685 2839 niremus
736 2767 824 2838 ab
866 2766 1245 2837 Aristotele
1294 2765 1618 2851 inventa,
1663 2766 1860 2837 libris
1905 2767 2040 2838 illis
2090 2771 2444 2840 contineri
2481 2799 2496 2840 :

369 2877 777 2949 verecunde
808 2892 885 2946 tu
918 2875 1213 2972 quidem
1242 2929 1261 2962 ‚
1296 2891 1377 2946 ut
1412 2877 1652 2945 omnia
1681 2902 1700 2962 ;
1733 2875 1856 2946 sed
1898 2891 2140 2946 tamen
2176 2892 2254 2947 ut
2295 2877 2500 2951 facile

372 3011 740 3059 cernerem
776 3000 847 3055 te
881 2986 1133 3056 ardere
1171 2985 1411 3056 studio
1437 3040 1456 3071 ‚
1494 3011 1815 3073 mecum,
1855 3001 1936 3056 ut
1971 2985 2102 3056 tibi
2139 2986 2334 3057 illam
2374 3003 2503 3058 tra·

372 3095 617 3169 derem
636 3097 691 3183 4,
733 3095 957 3190 egisti.
998 3099 1245 3186 Quum
1276 3110 1516 3166 autem
1547 3121 1682 3192 ego
1721 3111 1825 3185 te,
1859 3122 2008 3168 non
2049 3111 2191 3166 tam
2227 3098 2502 3168 vitandi

442 3285 483 3332 1.
522 3297 565 3329 ι.
598 3279 815 3346 Majores
847 3293 937 3326 nos
961 3294 1055 3325 res.
1092 3277 1191 3324 Alii
1219 3289 1393 3342 putant
1551 3280 1601 3328 3.
1627 3281 1714 3328 Ad
1737 3296 1844 3326 eam
1871 3296 1912 3328 r.
1940 3280 2032 3328 via
2061 3296 2199 3344 perv.
2237 3282 2501 3330 Lambinus

370 3362 455 3409 hic
498 3361 573 3425 agi
619 3359 679 3407 de
728 3357 961 3423 operibus
1008 3357 1392 3421 philosophicis,
1478 3361 1676 3423 corrigit
1706 3361 1930 3408 «ratione
1955 3372 2003 3407 et
2033 3362 2106 3408 vin
2123 3383 2150 3402 ι
2167 3394 2184 3420 ,
2204 3363 2309 3409 sine
2337 3378 2500 3410 neces·

370 3456 481 3506 «με
520 3449 861 3488 enumerantur
900 3435 987 3484 lib.
1030 3439 1077 3482 11
1126 3435 1186 3483 de
1228 3439 1392 3486 Divin.
1478 3440 1635 3488 nitate.
1675 3440 1922 3486 Rationem
1953 3440 2164 3503 appellat
2193 3458 2322 3498 eam,
2355 3459 2502 3505 quam

372 3537 482 3586 cap.
518 3535 561 3574 ι,
590 3517 726 3577 Alii,
766 3517 826 3564 de
864 3514 1062 3563 historia
1100 3531 1200 3563 suae
1240 3517 1393 3565 aetatis
1479 3529 1591 3566 ante
1627 3518 1812 3566 dixerat
1841 3519 2146 3583 disciplinam
2176 3520 2503 3568 inveniendo·

372 3613 517 3664 qnam
544 3597 715 3646 Cicero
740 3595 998 3659 scripserat
1024 3594 1145 3656 (tid.
1174 3597 1301 3659 Epp.
1328 3595 1392 3642 ad
1480 3613 1588 3646 rum
1611 3609 2023 3660 argumentorum.
2055 3601 2182 3646 Ena.

372 3681 524 3729 Attic.
544 3681 617 3736 ΙΙ,
642 3679 675 3725 6
694 3711 710 3736 ,
742 3680 881 3734 xlv,
916 3693 997 3738 17,
1032 3677 1146 3734 XV,
1174 3676 1253 3740 3),
1284 3691 1393 3738 qum
1553 3687 1603 3733 4.
1626 3681 1684 3724 Ue
1700 3678 1789 3724 eibi
1807 3677 1946 3726 illam
1966 3677 2225 3725 traderem.
2249 3679 2360 3726 Non
2385 3681 2500 3728 sim-

372 3777 475 3808 non
490 3759 552 3807 ad
571 3773 660 3808 nos
670 3759 887 3822 pervenit
904 3771 917 3804 :
934 3756 1005 3804 nil
1023 3757 1113 3803 uisi
1134 3757 1396 3818 fragmenta
1484 3755 1678 3819 pliciter
1701 3755 1968 3820 improbem
1995 3756 2242 3819 vulgatum
2271 3757 2358 3804 ma
2373 3774 2392 3804 .-
2419 3756 2505 3806 sed

357 3850 633 3908 ⁵supersunt
677 3838 741 3886 nb
783 3839 997 3886 Asconio
1038 3835 1136 3902 (nd
1178 3847 1302 3883 orat.
1340 3837 1395 3884 iu
1484 3847 1642 3882 tamen
1669 3835 1891 3900 rescripsi
1919 3835 2056 3882 illam
2082 3851 2150 3882 sc.
2173 3835 2509 3898 disciplinam,

372 3932 485 3985 toga
509 3917 737 3981 candida)
758 3929 961 3966 servata.
1484 3915 1748 3973 rationem.
1767 3929 1876 3977 quae
1897 3914 2194 3977 praecedunt.
2221 3914 2357 3978 quod
2387 3916 2506 3964 mihi

447 4017 496 4048 α.
512 4003 786 4063 Ingressus.
810 3999 895 4046 MS
920 3999 1087 4044 Oxou.
1114 4011 1395 4061 aggressos.
1486 4009 1674 4056 πωροι·
1697 4009 1862 4040 verum
1889 3994 2042 4042 visum
2067 3993 2180 4052 suit;
2206 3997 2438 4058 quoniam
2457 3997 2510 4044 in

374 4083 569 4129 θοι-
588 4078 641 4126 C.
662 4077 871 4125 Trebati.
893 4077 967 4124 De
990 4091 1092 4138 quo
1114 4075 1227 4122 vide
1244 4076 1399 4138 Epist.
1488 4071 1708 4122 edJen.
1733 4073 1866 4131 1485
1893 4073 1966 4120 sic
1992 4073 2168 4136 reperi.
2204 4075 2335 4125 Ena.
2361 4101 2428 4113 —
2451 4077 2515 4125 Et

370 4157 442 4206 ad
461 4158 697 4216 niv.v11,
716 4157 776 4214 6,
793 4171 929 4219 seqq.
950 4159 1123 4206 Horat.
1142 4156 1244 4205 Sat.
1264 4155 1331 4217 11,
1356 4168 1400 4202 1.
1493 4149 1688 4201 Schiitz.
1710 4164 1948 4216 sequutus
1963 4163 2057 4203 eat.
2171 4183 2176 4188 ·
