2982 4682
1109 345 1204 411 M.
1259 302 1334 412 T.
1389 347 1877 417 clcl-:Roms

423 459 758 531 ardentes
786 463 1076 560 accipit,
1107 464 1406 537 celerior
1429 482 1537 538 est
1558 469 1633 540 in
1652 493 1867 539 cursu
1900 470 2557 567 continuo²‚quam

422 569 573 654 ille,
611 571 738 667 qui
785 572 998 668 tradit
1018 569 1089 616 3·
1073 627 1092 658 ,
1125 575 1224 644 ita
1257 575 1518 647 melior
1548 578 1940 704 impe-rator
1967 602 2243 666 novus,
2280 581 2409 676 qui
2450 605 2561 652 ac·-

423 683 596 777 cipit
656 685 1096 769 exercitum‚
1156 710 1374 782 quam
1430 665 1581 776 ille,
1624 691 1753 785 qui
1801 686 2127 759 decedit.
2177 704 2558 788 propterea

421 788 624 886 quod
685 789 1106 889 defatigatus
1169 820 1421 868 cursor
1469 799 1752 894 integro
1808 795 2073 883 facem,
2112 797 2230 869 hic
2284 801 2558 897 peritus

421 901 814 995 imperator
862 903 1200 1000 imperito
1253 908 1647 977 exercitum
1702 907 1919 976 tradit
1948 939 1999 978 ³2.
2041 915 2231 996 Hoc,
2270 910 2423 980 sine
2470 909 2559 979 si-

419 1009 596 1094 mili,
627 1012 794 1081 satis
831 1012 1082 1109 plane,
1114 1029 1186 1085 et
1214 1019 1637 1114 perspicue,
1662 1031 1735 1088 et
1760 1016 2232 1116 probabiliter
2265 1017 2406 1088 dici
2436 1042 2559 1116 po-

421 1120 596 1204 tuit,
629 1119 770 1190 hoc
805 1121 1028 1193 modo
1050 1121 1080 1178 4
1115 1151 1130 1192 ε
1167 1156 1198 1189 «
1232 1130 1475 1197 Minus
1511 1125 1752 1198 bonos
1814 1129 2281 1224 imperatores
2320 1153 2361 1197 a
2407 1152 2555 1199 me-

419 1227 724 1301 lioribus
743 1234 1135 1302 exercitum
1163 1238 1485 1334 accipere
1514 1237 1743 1308 solere
1771 1267 1804 1303 »
1828 1265 1843 1307 ε
1871 1237 1994 1310 sed
2021 1237 2325 1310 ornandi
2345 1262 2557 1309 causa

324 1393 341 1416 ,
419 1339 654 1410 simile
671 1357 1040 1437 sumptum
1063 1357 1200 1432 est,
1223 1361 1303 1415 ut
1331 1349 1641 1418 orationi
1676 1346 1987 1444 dignitas
2014 1347 2341 1444 quaedam
2366 1371 2555 1417 com-

423 1465 795 1544 pararetur
824 1450 875 1522 ⁵.
917 1455 1208 1524 Dictum
1259 1472 1365 1526 est
1409 1471 1649 1528 autem
1692 1483 1822 1556 per
1870 1460 2331 1531 contrarium.
2371 1461 2552 1528 Nam

423 1573 599 1628 tunc
627 1561 1022 1633 similitudo
1056 1569 1365 1637 sumitur
1388 1591 1521 1664 per
1552 1559 1993 1639 conirarium
2019 1624 2037 1657 ‚
2067 1594 2291 1666 quum
2324 1573 2389 1640 ei
2417 1571 2553 1652 rei,

421 1693 642 1764 quam
689 1697 823 1742 nos
863 1672 1290 1770 probamuS‚
1326 1678 1639 1774 aliquam
1682 1704 1830 1749 rem
1870 1704 2215 1776 negamus
2261 1703 2416 1751 esse
2460 1683 2552 1750 si-

423 1779 707 1871 milem,
745 1798 827 1853 ut
863 1785 1109 1881 paullo
1147 1802 1353 1873 ante,
1405 1813 1637 1885 quum
1680 1787 1771 1859 de
1806 1789 2222 1859 cursoribus
2262 1787 2553 1858 dissere-

423 1889 680 1962 bamus
699 1889 754 1962 6.
819 1896 956 1964 Per
1015 1898 1470 1992 negationem
1526 1898 1841 1982 dicetur,
1898 1896 2253 1995 probandi
2308 1920 2514 1967 causa
2536 1950 2556 1982 ‚

427 332 560 407 252

425 2125 526 2156 non
552 2111 728 2174 ignoro
754 2111 896 2161 etiam
920 2115 1074 2162 toedas
1093 2116 1320 2164 ardentes
1343 2131 1446 2162 esse

425 2190 557 2253 apud
597 2193 820 2242 Cicerou.
861 2209 954 2256 pro
978 2195 1042 2244 R.
1087 2197 1202 2244 Am.
1242 2195 1339 2244 Sed
1377 2195 1446 2242 ibi

425 2285 500 2317 res
527 2271 798 2340 postulabat
824 2273 954 2320 addi.
983 2274 1106 2322 Ean.
1127 2300 1194 2310 —-
1212 2277 1448 2322 Gruterus

422 2350 698 2399 candentes
721 2352 954 2399 Ardentes
972 2386 988 2413 ,
1007 2354 1192 2417 inquit,
1219 2365 1376 2401 exstat
1395 2354 1447 2400 in

425 2429 542 2477 Pell.
575 2430 779 2495 aliquot.
829 2430 924 2479 Sed
961 2431 1044 2479 alii
1093 2434 1304 2480 retinent
1329 2433 1444 2481 item

423 2509 696 2558 candentes.
720 2513 932 2573 Quintus
957 2522 1185 2575 praeterea
1213 2528 1270 2560 ac
1291 2511 1444 2560 Bruil.

421 2590 684 2652 praeferunt
705 2590 960 2645 cadentes,
983 2590 1120 2654 qnod
1139 2602 1324 2639 rectum
1344 2606 1445 2638 esse

425 2683 568 2730 posse
588 2670 841 2717 annotavi-t
867 2670 1172 2717 Gulielmius.
1203 2672 1375 2718 Ganr.

499 2763 546 2796 π.
576 2748 786 2797 Celer-ior
823 2760 898 2797 ese
921 2748 972 2797 iu
1013 2766 1156 2797 eret-su
1198 2750 1447 2798 continuo.

427 2826 682 2875 Schiitzius
709 2828 836 2876 delet
857 2828 1104 2877 continno.
1125 2830 1287 2891 Quam
1314 2830 1413 2875 vim
1432 2863 1446 2887 ,

428 2908 614 2970 inquit,
629 2906 866 2955 habeath.
884 2908 919 2956 l.
939 2908 1226 2972 epitheton?
1245 2907 1450 2971 An'quis

429 2984 490 3031 de
515 3002 658 3033 eursu
699 2986 973 3050 interrupto
1013 2987 1226 3049 cogitare
1251 2987 1408 3051 possit
1428 2986 1471 3057 P,

427 3065 524 3111 Sed
557 3065 652 3111 hoe
675 3064 967 3111 vocabulum
994 3064 1299 3113 librariorum
1325 3064 1447 3112 vitio

425 3143 524 3191 hue
563 3154 819 3189 retractum
851 3154 924 3190 est
946 3160 973 3191 e
997 3160 1138 3191 versu
1180 3154 1410 3208 sequente
1427 3177 1444 3202 ‚

425 3223 510 3270 ubi
530 3222 690 3270 locum
708 3238 847 3270 suum
871 3233 1032 3270 tuetur
1051 3225 1179 3271 inter
1199 3226 1268 3271 ita
1287 3235 1337 3272 et
1350 3238 1448 3269 me-

427 3301 534 3349 lior.
577 3304 764 3365 Nempe
789 3304 1018 3351 continuo
1041 3304 1124 3351 hie
1161 3314 1233 3350 est
1271 3302 1442 3349 adver·

427 3381 587 3439 bium,
611 3381 742 3443 quod
773 3398 899 3446 saepe
925 3398 1034 3430 eum
1052 3398 1150 3430 non
1167 3380 1443 3444 copulatur.

427 3484 450 3501 α
464 3460 579 3509 Non
602 3461 838 3509 continuo
857 3462 1029 3509 melior
1044 3473 1116 3511 est
1133 3463 1448 3523 imperator»,

425 3540 474 3587 h.
496 3556 539 3588 e.
561 3554 660 3587 non
677 3541 835 3587 statim
851 3542 1067 3604 sequitur
1081 3539 1330 3587 meliorem
1345 3554 1446 3587 esse

426 3620 785 3683 imperatorem.

497 3701 549 3747 3.
593 3701 752 3761 Quam
778 3697 860 3745 ille
877 3698 995 3762 ,qui
1020 3692 1192 3746 eradit.
1227 3700 1302 3747 De
1349 3694 1445 3745 boe

423 3794 572 3828 eursu
598 3778 746 3826 taedas
787 3778 1040 3825 ferentium
1066 3778 1178 3825 vide
1203 3777 1442 3826 Gallicum

422 3859 604 3922 scripto
611 3874 708 3905 rem
728 3856 920 3903 Itineris
927 3857 1126 3917 iuvenis
1139 3857 1444 3916 Anacharsis,

423 3954 530 4003 cap.
560 3945 646 3993 24.
667 3937 916 3984 Lueretius
933 3972 946 3995 ,
968 3936 1056 3984 lib.
1083 3938 1157 3992 11,
1181 3942 1306 3984 vers.
1339 3954 1400 3997 77
1427 3951 1440 3984 ε

426 4019 498 4065 «si
525 4032 680 4065 rerum
709 4032 893 4063 summa
920 4026 1132 4064 novatur
1156 4018 1374 4079 Semper,
1395 4027 1442 4064 et

426 4097 552 4143 inter
590 4112 638 4142 se
678 4093 903 4143 mortales
949 4104 1112 4143 mutua
1155 4097 1324 4143 vivunt
1348 4130 1359 4143 .
1385 4130 1394 4142 .
1419 4128 1432 4143 .

1538 2119 1695 2181 Inque
1712 2117 1848 2166 brevi
1866 2119 2035 2182 spatio
2046 2129 2292 2166 mutantur
2308 2129 2435 2166 secta
2452 2121 2557 2166 ani-

1538 2208 1753 2246 mantum
1779 2214 1793 2254 3
1842 2199 1903 2246 Et
1918 2232 1932 2254 ‚
1972 2200 2107 2260 quasi
2150 2213 2397 2256 cursores,
2440 2197 2555 2246 vitai

1538 2275 1757 2340 lampada
1788 2275 1984 2324 tradunt
2004 2299 2046 2324 ι.

1612 2364 1660 2412 4.
1700 2357 1799 2403 Hoe
1822 2356 1966 2403 modo
1982 2373 2001 2403 .·
2022 2378 2046 2397 ιι
2064 2356 2230 2403 Hiems
2262 2357 2429 2404 bonos.
2458 2356 2555 2402 De-

1535 2434 1631 2481 levi
1660 2434 1857 2485 dieitur.
1885 2435 2010 2483 Nam
2052 2450 2141 2482 nee
2184 2434 2307 2483 bene
2350 2434 2554 2482 latinum

1536 2526 1692 2574 esset,
1728 2525 1777 2563 et
1814 2532 1843 2561 a
1878 2514 2018 2561 libris
2064 2513 2292 2579 pluribus
2334 2514 2552 2577 seriptis,

1538 2594 1683 2641 Grut.
1710 2592 1842 2643 Oud.
1875 2604 1925 2640 et
1948 2594 2126 2641 nostris
2153 2591 2307 2639 abest.
2334 2594 2553 2639 Enitar.

1536 2698 1605 2707 —
1628 2673 1864 2719 Gruterus
1884 2670 2065 2719 dicitur
2085 2671 2285 2735 reliquit
2316 2670 2457 2734 quasi
2479 2671 2557 2717 in-

1537 2750 1652 2798 vite.
1674 2750 1827 2798 Adest
1845 2752 1986 2797 etiam
2014 2751 2066 2797 in
2091 2750 2169 2797 ed.
2197 2749 2333 2798 Med.
2370 2750 2517 2813 1498.

1612 2831 1658 2877 5.
1690 2829 2086 2893 Compar-aretur.
2119 2828 2199 2874 Sic
2226 2827 2427 2891 scripsi,
2453 2843 2553 2874 non

1535 2918 1865 2972 comparetur-‚⁶
1884 2924 1995 2955 mm
2036 2906 2280 2972 praecessit
2318 2917 2555 2971 sumptum

1537 2998 1621 3036 est.
1641 2988 1767 3035 Eun.
1779 3014 1848 3023 —·
1866 2985 2097 3034 Defendit
2114 2984 2377 3033 Wetzelius
2394 2984 2557 3048 vulga·

1537 3076 1664 3123 tam3
1687 3076 1810 3129 puto
1831 3101 1844 3123 ‚
1869 3081 1970 3112 non
1997 3066 2138 3112 bene.

1610 3146 1658 3193 6.
1696 3146 1757 3191 Ut
1775 3142 1950 3208 parelio
1978 3154 2121 3203 mate,
2142 3158 2286 3207 qmem
2310 3142 2374 3189 de
2394 3158 2559 3189 curso-

1540 3224 1672 3272 ribus
1696 3224 2060 3270 disserebamus.
2098 3220 2323 3270 Joculare
2346 3230 2445 3277 est,
2475 3221 2555 3267 in-

1536 3302 1647 3367 quit
1665 3299 1862 3353 Schiitz.
1888 3300 2025 3373 quod
2042 3300 2123 3347 bic
2147 3300 2405 3363 adscripsit
2424 3298 2557 3362 glos·-

1538 3394 1696 3441 sator‚
1724 3384 1861 3447 quasi
1899 3381 2053 3430 simile
2092 3396 2117 3427 a
2147 3380 2428 3427 cursoribus
2470 3378 2556 3426 de·

1537 3474 1785 3527 sumptum
1806 3460 2152 3508 dissertationis
2175 3460 2326 3507 instar
2341 3469 2556 3507 esset.—

1537 3540 1915 3590 De'sserebamus.
1942 3542 2080 3587 Hane
2108 3538 2367 3586 lectionem
2386 3537 2511 3585 male
2528 3552 2555 3583 a

1536 3620 1774 3667 Lambino
1798 3618 2044 3666 inductam
2072 3616 2193 3665 dicit
2210 3620 2434 3665 Gronov.
2464 3632 2557 3680 pro

1534 3710 1696 3747 vetere
1719 3698 2049 3747 asserebamus
2071 3712 2089 3744 .·
2111 3712 2222 3744 nam
2263 3706 2335 3744 est
2364 3696 2463 3757 jam
2504 3696 2557 3742 in

1535 3778 1613 3827 ed.
1638 3778 1925 3826 Victoriana.
1933 3777 2106 3841 prima,
2124 3778 2333 3840 Hei-vag.
2356 3774 2486 3825 nob.
2510 3786 2557 3821 et

1534 3858 1647 3905 Car.
1673 3855 1932 3921 Stephani,
1965 3866 2061 3903 ete.
2088 3856 2150 3902 Et
2186 3853 2387 3902 verbum
2410 3854 2559 3901 disse-

1534 3936 1671 3984 rendi
1698 3934 1830 3999 apud
1856 3934 2072 3981 rhetores
2110 3934 2183 3981 sie
2223 3932 2417 3981 dicitnr.
2450 3932 2553 3978 Ali·

1534 4013 1732 4079 quando
1750 4013 1981 4078 suspicati
2010 4028 2175 4060 sumus
2198 4012 2345 4059 fuisse
2368 4008 2553 4073 affere-

1536 4096 1705 4143 bamus
1731 4094 1836 4144 scil.
1877 4092 2243 4141 similitudinem
2260 4126 2273 4149 ‚
2302 4100 2394 4138 etc.
2442 4088 2557 4135 inde
