2982 4682
735 384 861 451 DE
909 332 1517 471 1NvENT1oNE,
1563 386 1830 455 LIBER
1881 386 1986 471 Π,
2038 381 2150 455 5ι.
2209 418 2212 423 -
2362 388 2502 484 497

379 521 471 567 ex
498 493 795 567 vulnere
820 511 1195 569 recreatus.
1236 503 1487 571 Navim
1531 523 1696 570 cum
1734 521 1958 569 onere
1987 497 2254 571 horum
2285 504 2504 572 trium

382 630 585 677 suam
608 609 916 703 quisque
939 631 1089 677 esse
1110 607 1349 679 dicit».
1372 611 1504 681 Hic
1532 632 1784 706 omnes
1811 608 2081 704 scripto
2103 607 2191 680 ad
2223 635 2506 681 causam

383 716 769 805 accedunt,
806 731 879 788 et
912 742 996 787 ex
1030 719 1343 789 nominis
1363 718 1429 789 vi
1448 719 1767 790 nascitur
1795 720 2300 789 controversia.
2327 724 2510 793 Nam

382 841 455 896 et
491 828 901 923 relinquere
951 850 1247 914 navem,
1299 844 1373 901 et
1410 852 1788 900 remanere
1833 829 1912 897 in
1955 827 2154 916 navi,
2196 824 2512 926 denique

382 944 582 1011 navis
632 941 786 1038 ipsa
832 940 1005 1038 quid
1069 943 1205 1026 sit,
1246 940 1793 1014 definitionibus
1829 942 2194 1038 quaeritur.
2252 941 2514 1013 Iisdem

381 1064 622 1119 autem
673 1075 759 1120 ex
808 1050 987 1121 locis
1025 1049 1409 1137 omnibuS‚
1448 1050 1719 1149 quibus
1763 1050 2126 1122 definitiva
2171 1053 2516 1123 constitu-

382 1162 481 1231 tio
509 1216 531 1248 ,
578 1160 1019 1233 tractabitur.

477 1269 655 1367 (Lu.)
680 1274 923 1359 Nunc,
946 1273 1290 1369 expositis
1314 1273 1405 1343 iis
1429 1270 2216 1369 argumentationibuS,
2245 1296 2406 1369 quae
2435 1275 2510 1341 in

374 1378 707 1473 judiciale
738 1404 1112 1455 causarum
1142 1406 1371 1478 genus
1404 1380 2070 1468 accommodantur,
2089 1380 2514 1479 deincepsin

378 1489 919 1561 deliberativum
944 1514 1174 1588 genus
1190 1507 1263 1563 et
1284 1494 1934 1564 demonstrativum
1965 1491 2516 1589 argumentandi

380 1598 576 1671 locos
619 1614 691 1671 et
740 1616 1093 1699 praecepta
1141 1601 1512 1687 dabimuS,
1549 1627 1700 1672 non
1754 1626 1904 1697 quo
1953 1625 2102 1672 non
2151 1602 2224 1672 in
2279 1600 2516 1699 aliqua

377 1712 892 1781 constitutione
930 1714 1166 1784 omnis
1204 1736 1489 1809 semper
1527 1736 1736 1781 causa
1781 1726 2140 1797 versetur3
2181 1709 2312 1783 sed
2349 1716 2520 1809 quia

378 1821 652 1917 proprii
708 1835 949 1891 tamen
978 1814 1009 1865 8
1066 1820 1325 1892 harum
1376 1843 1750 1890 causarum
1791 1816 2084 1913 quidam
2125 1816 2268 1888 loci
2311 1834 2524 1904 sunt,

379 1956 528 2001 non
572 1956 611 2001 a
643 1931 1161 2003 constitutione
1204 1929 1553 2027 separati,
1589 1926 1714 1999 sed
1754 1924 2064 2009 adfines
2100 1928 2362 2001 horum
2401 1953 2520 2027 ge-

382 2065 635 2114 nerum
666 2038 1207 2112 accommodati.
2165 2102 2170 2107 .

473 2155 652 2225 Nam
699 2150 973 2246 placet,
1008 2152 1080 2219 in
1119 2136 1445 2246 judiciali
1482 2172 1744 2245 genere
1785 2148 2004 2221 finem
2042 2174 2194 2221 esse
2223 2152 2516 2245 aequita-

380 2278 559 2349 tem,
586 2260 729 2333 hoc
762 2273 907 2349 est,
934 2276 1209 2359 partem
1248 2258 1638 2356 quamdam
1671 2258 2094 2331 honestatis.
2127 2264 2212 2329 In
2251 2258 2518 2331 delibe-

376 2373 607 2442 rativo
632 2386 869 2442 autem
901 2370 1259 2444 Aristoteli
1280 2369 1516 2468 placet
1537 2369 1915 2441 utilitatem
1936 2425 1954 2455 ,
1977 2369 2188 2440 nobis
2207 2385 2280 2440 et
2298 2369 2514 2442 hone-

378 2495 631 2552 statem
648 2537 670 2569 ,
690 2496 762 2553 et
786 2482 1193 2554 utilitatem.
1231 2485 1315 2552 In
1336 2481 1903 2552 demonstrativo
1925 2491 1958 2542 9
1975 2535 1996 2569 ,
2033 2478 2512 2550 honestatem.

378 2595 618 2682 Quare
678 2597 751 2663 in
800 2593 943 2665 hoc
979 2618 1277 2691 quoque
1326 2616 1592 2690 genere
1643 2615 1872 2662 causae
1921 2588 2250 2687 quaedam
2304 2611 2516 2685 argu-

378 2703 859 2774 mentationes
906 2703 1409 2775 communiter.
1454 2725 1538 2772 ac
1592 2699 1919 2770 similiter
1979 2696 2516 2785 tractabuntur;

379 2811 705 2912 quaedam
762 2818 1159 2910 separatius
1201 2812 1287 2882 ad
1339 2809 1600 2897 finem,
1637 2831 1788 2906 quo
1842 2806 2096 2879 referri
2132 2829 2426 2878 omnem
2446 2819 2510 2854 ¹⁰

378 2924 780 2993 orationem
828 2937 1159 3020 oportet,
1202 2922 1714 3019 adjungentur.
1775 2924 2012 3012 Atque
2057 2918 2516 3013 uniuscujus-

382 3057 525 3129 que
563 3035 1097 3120 constitutionis
1145 3032 1556 3129 exemplum
1601 3051 2011 3133 supponere
2063 3052 2213 3098 non
2267 3053 2516 3124 grava-

380 3165 650 3228 remur,
691 3141 825 3212 nisi
855 3141 1033 3212 illud
1053 3143 1495 3225 videremus,
1533 3135 2168 3235 quemadmodum
2193 3160 2307 3208 res
2343 3137 2514 3208 obs·

380 3277 568 3324 curae
603 3249 915 3324 dicendo
946 3249 1203 3324 fierent
1237 3252 1670 3348 apertioreS,
1706 3251 1806 3318 sic
1840 3272 1954 3318 res
1988 3262 2308 3344 apertas,
2347 3247 2512 3320 obs-

385 3497 408 3518 «
436 3474 633 3526 domum
682 3479 829 3528 celeri
876 3478 1029 3544 gmdu
1077 3487 1335 3544 pervectus
1352 3498 1397 3524 a.
1557 3491 1605 3539 9.
1635 3477 1694 3522 In
1727 3472 2124 3524 demonstrativo.
2175 3476 2352 3524 Autem
2392 3487 2514 3540 pout

382 3555 463 3604 Sic
487 3557 619 3606 enim
648 3559 774 3608 Mss
810 3561 1030 3626 quinque
1060 3573 1075 3608 ε
1110 3558 1259 3622 yulgo
1282 3573 1401 3622 pro·
1489 3577 1513 3600 c
1531 3555 1585 3604 iu
1609 3554 2024 3603 demonstrativo·
2041 3585 2058 3612 ,
2079 3553 2362 3602 auctoribus
2388 3555 2514 3603 MSS

382 3639 699 3686 vectuaoun.
1493 3634 1672 3682 nostris
1699 3633 1925 3681 omnibus
1941 3669 1958 3696 ,
1990 3643 2038 3681 et
2059 3633 2194 3692 aliis,
2229 3641 2280 3680 et
2299 3631 2414 3681 edd.
2439 3649 2512 3698 pr.

454 3719 505 3764 8.
533 3714 660 3776 Quia
680 3716 869 3780 μωραὶ·
896 3729 1059 3765 tamen
1095 3715 1286 3764 harum·
1324 3714 1404 3762 sic
1497 3713 1673 3762 delevi.
1693 3713 1822 3760 Euat.

380 3792 493 3842 edd.
513 3809 587 3857 pr.
608 3794 731 3844 Mss
755 3794 853 3842 fere
872 3810 885 3844 :
916 3807 969 3844 at
994 3795 1175 3860 vulgati
1197 3793 1311 3842 inde
1336 3793 1403 3842 ab
1501 3832 1508 3842 .
1568 3808 1647 3842 ιο.
1670 3793 1871 3840 Omnem
1899 3789 2187 3839 orationem.
2215 3788 2294 3836 Sic
2317 3805 2408 3852 pro
2431 3807 2512 3838 ra-

380 3870 515 3920 Aldu
548 3882 755 3920 tantum.
792 3875 924 3924 casa.
953 3885 1201 3922 tamarum
1216 3907 1232 3930 ,
1266 3871 1403 3936 quod
1489 3871 1696 3924 tionem.
1723 3870 1892 3919 iisdem
1917 3869 2054 3916 libris
2075 3865 2360 3915 auctoribus
2381 3867 2514 3936 dedi,
2603 3903 2622 3922 ,

381 3969 407 4000 e
430 3961 593 3998 tamen
622 3950 794 3998 harum
820 3963 988 4002 natum
1013 3953 1221 4002 videtur.
1252 3954 1327 3999 Tn
1352 3963 1403 4000 et
1491 3951 1624 4018 quod
1649 3961 1696 3997 et
1718 3951 1822 3998 sine
1846 3949 1984 3996 libris
2010 3945 2114 3994 fieri
2133 3955 2338 4010 poteret.
2358 3947 2514 3999 Aldus

380 4042 447 4078 em
467 4025 669 4078 inlibris
688 4031 828 4079 facile
846 4043 1199 4096 permutantur.
1222 4033 1283 4081 Et
1306 4031 1401 4080 hoe
1489 4030 1702 4078 induxit.
1721 4031 1851 4078 Eut.
1879 4056 1945 4066 -·-
1967 4025 2176 4076 Ernestii
2196 4027 2326 4081 notis
2347 4027 2441 4074 bot·
2459 4029 2513 4076 in

382 4109 587 4174 intelligi
602 4120 782 4175 potest.
798 4111 1059 4174 Vulgatum
1082 4127 1202 4160 non.
1228 4112 1349 4160 Ιέιιι.
1490 4113 1649 4175 capite
1670 4107 1867 4160 seham.
1886 4106 2115 4156 omnibus
2137 4105 2406 4154 assentitur.
2503 4113 2509 4119 '

527 4199 579 4266 Ῐ.
616 4208 1015 4275 Οἰοψανερνίηια.
1266 4266 1273 4272 ‚
2190 4193 2276 4264 32
