2982 4682
713 379 841 448 DE
888 377 1502 465 ΙΝνΕΝΤΙοΝΕ,
1553 378 1820 448 LIBER
1862 379 1965 467 11,
2023 379 2129 450 18.
2351 380 2486 467 431

350 507 777 596 Quaeremus
802 512 1043 572 autem
1074 524 1228 588 rea,
1280 515 1404 574 aut
1428 499 1686 596 majori
1710 503 1798 588 ¹4,
1831 513 1956 572 aut
1987 502 2141 597 pari
2169 505 2244 576 in
2270 528 2495 603 nego·

351 615 455 686 tio
482 613 787 698 simileS,
812 633 901 682 ex
932 607 1205 708 quibus
1230 608 1640 684 affirmetur
1667 623 1914 686 nostra
1943 607 2353 712 descripti0.

452 726 711 793 XVIII.
749 725 907 791 Jam
940 719 995 790 si
1048 743 1165 790 res
1212 719 1461 817 plures
1509 733 1726 795 eruut
1771 719 2247 796 definiendae-:
2280 740 2400 814 ut,
2441 729 2502 800 si

351 846 743 934 quaeratur,
770 861 807 896 et
831 837 979 930 Eur
1006 833 1135 921 sit,
1185 855 1281 904 an
1324 831 1710 930 sacrilegus
1732 841 1755 877 ¹
1784 885 1802 919 ,
1852 835 1982 929 qui
2015 857 2183 908 vasa
2223 857 2314 906 ex
2351 839 2500 932 pri-

352 959 523 1018 vato
553 967 755 1015 sacra
780 943 1219 1039 surripuerit
1236 969 1312 1029 »ς
1360 943 1500 1016 erit
1523 941 1878 1018 utendum
1907 943 2244 1041 pluribus
2263 944 2508 1018 defini-

355 1053 715 1139 tionibus3
768 1050 1033 1124 deinde
1059 1051 1273 1127 simili
1297 1055 1580 1125 ratione
1615 1077 1826 1128 causa
1855 1053 2242 1144 tractanda.
2271 1061 2509 1130 Locus

358 1181 604 1241 autem
649 1166 1061 1237 communis
1114 1166 1189 1233 in
1240 1163 1395 1259 ejus
1459 1164 1840 1252 malitiam,
1891 1166 2022 1262 qui
2069 1191 2222 1238 non
2283 1167 2508 1238 modo

359 1296 643 1362 rerum,
686 1295 942 1345 verum
976 1274 1191 1347 etiam
1239 1271 1636 1350 verborum
1677 1287 2108 1372 potestatem
2137 1275 2277 1348 sibi
2305 1301 2511 1350 arro-

362 1406 531 1480 gare
560 1397 891 1470 conetur,
918 1396 1003 1452 ut
1030 1396 1103 1453 et
1129 1381 1343 1454 faciat
1370 1383 1574 1479 quod
1603 1383 1814 1473 velit,
1845 1399 1920 1456 et
1948 1385 2065 1473 id,
2095 1386 2298 1482 quod
2323 1385 2508 1460 fece-

363 1492 495 1582 rit,
544 1517 697 1590 quo
724 1492 897 1566 velit
938 1493 1243 1567 nomine
1290 1493 2254 1591 appellet..

464 1602 745 1676 Deinde
778 1599 1180 1677 defensoris
1211 1602 1491 1698 primus
1537 1603 1744 1678 locus
1778 1617 1924 1690 est,
1963 1607 2140 1677 item
2185 1607 2506 1680 nominis

367 1712 609 1784 brevis
628 1766 651 1801 ‚
682 1724 756 1783 et
780 1726 1025 1811 aperta
1042 1763 1063 1800 ,
1098 1727 1173 1783 et
1196 1735 1285 1784 ex
1306 1713 1656 1809 opinione
1679 1713 2064 1790 hominum
2086 1714 2506 1818 descriptio,

368 1819 513 1894 hoc
552 1820 821 1892 modo:
866 1851 901 1886 α
929 1821 1376 1917 Majestatem
1414 1825 1746 1894 minuere
1791 1837 1900 1896 est
1946 1825 2220 1924 aliquid
2263 1827 2356 1901 de
2397 1855 2510 1903 re·

367 1929 659 2030 publica
676 1985 696 2022 ,
715 1955 947 2030 quum
974 1934 1409 2028 potestatem
1436 1957 1589 2004 non
1617 1929 1886 2006 habeas
1902 1987 1922 2019 ‚
1939 1933 2506 2013 administrare».

367 2041 655 2116 Deinde
699 2043 917 2140 hujus
960 2041 1417 2116 confirmatio
1468 2040 1826 2116 similibus
1879 2058 1950 2115 et
2007 2049 2384 2144 exemplis,
2432 2066 2510 2124 et

369 2151 794 2225 rationibus.
846 2157 1102 2227 Postea
1159 2154 1271 2228 sui
1317 2150 1487 2224 facti
1526 2151 1618 2228 ab
1664 2153 1787 2226 illa
1832 2151 2254 2228 definitione
2306 2183 2508 2258 sepa-

369 2268 577 2338 ratio.
602 2263 882 2337 Deinde
910 2265 1113 2336 locus
1140 2264 1550 2343 communis
1567 2318 1587 2354 ‚
1616 2283 1752 2363 per
1775 2287 2000 2363 quem
2033 2262 2201 2336 facti
2225 2269 2514 2362 utilitas,

374 2389 499 2447 aut
538 2374 883 2449 honestas
913 2374 1331 2474 adaugetur.

470 2486 756 2577 Deinde
808 2489 1144 2584 sequitur
1186 2483 1760 2557 adversariorum
1789 2482 2234 2575 definitionis
2263 2508 2514 2584 repre-

374 2596 666 2687 hensio,
720 2623 883 2696 quae
930 2597 1185 2681 iisdem
1226 2620 1313 2669 ex
1356 2586 1532 2667 locis
1569 2592 1942 2685 omnibus,
1999 2620 2188 2693 quos
2227 2621 2514 2669 accusa·-

376 2710 517 2779 tori
544 2711 1147 2808 praescripsimus,
1197 2706 1622 2795 conficitur3
1668 2722 1762 2791 et,
1787 2722 2024 2779 cetera
2061 2723 2227 2806 post
2259 2708 2514 2781 eadem

376 2832 638 2917 praeter
673 2843 1142 2890 communem
1185 2816 1427 2888 locum
1475 2815 1940 2888 inducentur.
1985 2820 2226 2891 Locus
2273 2834 2514 2899 autem

379 2929 788 3001 communis
821 2927 955 2999 erit
982 2926 1387 2999 defensoris
1417 2927 1476 2997 is
1495 2978 1516 3013 ,
1566 2950 1698 3024 per
1727 2949 1946 3022 quem
1991 2926 2514 3025 indignabitur,

378 3050 871 3108 accusatorem
902 3038 1012 3107 sui
1041 3037 1347 3135 periculi
1384 3060 1596 3108 causa
1635 3060 1786 3105 non
1813 3058 1929 3107 res
1955 3036 2192 3107 solum
2217 3062 2517 3113 conver·

380 3160 571 3236 tere,
622 3168 873 3219 verum
914 3146 1128 3219 etiam
1162 3145 1383 3217 verba
1424 3158 1872 3217 commutare
1905 3148 2176 3219 conari.
2207 3152 2388 3225 Nam
2415 3152 2520 3228 illi
2611 3204 2614 3209 -

381 3257 682 3354 quidem
724 3278 1154 3331 communes
1182 3258 1356 3343 loci,
1411 3257 1544 3355 qui
1577 3269 1703 3327 aut
1730 3255 2105 3328 calumniae
2145 3276 2516 3337 accusato·
2565 3326 2576 3335 .

383 3392 549 3438 rum
588 3366 1199 3458 demonstrandae,
1243 3381 1367 3439 aut
1400 3366 1906 3439 misericordiae.
1947 3370 2354 3466 captandae,
2391 3389 2520 3446 aut

384 3474 555 3551 facti
596 3478 1055 3580 indignandi,
1105 3495 1229 3555 aut
1255 3504 1297 3552 a
1323 3478 1812 3553 misericordia
1855 3478 2268 3553 deterrendi
2309 3508 2522 3557 causa

386 3604 809 3679 sumuntur,
872 3617 963 3663 ex
1008 3591 1313 3691 periculi
1368 3588 1909 3687 magnitudine,
1961 3614 2115 3661 non
2161 3616 2250 3662 ex
2295 3616 2522 3665 causae

386 3720 650 3795 genere
679 3699 1072 3774 ducuntur.
1104 3704 1344 3792 Quare
1382 3724 1533 3776 non
1565 3700 1644 3769 in
1681 3722 1975 3771 omnem
2019 3723 2348 3789 causam,
2398 3700 2528 3781 sed

387 3890 543 3929 exstet
561 3880 614 3930 in
634 3898 731 3931 nec.
758 3903 781 3927 ι
801 3893 887 3933 aut
912 3883 983 3933 sic
1008 3899 1119 3933 eum
1147 3883 1211 3933 de
1235 3880 1413 3933 defini·
1501 3891 1589 3931 aut
1635 3881 1742 3945 pari
1765 3901 1820 3941 a,
1868 3896 1974 3933 non
2021 3880 2278 3932 admonito
2325 3881 2528 3937 lectore.

390 3960 527 4009 tione
550 3978 603 4009 n.
626 3983 652 4004 »
674 3962 791 4011 Sca.
1573 3961 1770 4011 1v111.
1803 3972 1850 4012 ι.
1885 3960 1984 4009 Fur
2015 3959 2110 4018 sie,
2148 3976 2216 4009 a·
2245 3962 2530 4032 sect-iuga.

467 4050 546 4099 14.
576 4042 679 4089 Aue
702 4038 906 4107 majori,
940 4052 1031 4089 aue
1044 4040 1183 4107 ριν-ἰ.
1212 4036 1411 4090 Schiitz.
1503 4044 1656 4107 Καρ.
1681 4040 1738 4101 1,
1759 4040 1820 4101 83
1846 4040 1967 4089 Her.
1987 4041 2067 4099 11,
2093 4039 2180 4091 30.
2199 4064 2274 4077 —-
2295 4044 2442 4106 Im,
2476 4056 2534 4097 ut

392 4104 503 4171 cnm
528 4120 727 4171 Inllem.
752 4142 775 4163 e·
795 4130 881 4171 aut
903 4120 1099 4181 maiori,
1117 4131 1203 4170 aut
1222 4118 1417 4181 minori,
1507 4135 1656 4185 supra
1677 4117 2004 4177 accusatoris,
2033 4134 2142 4185 cap,
2167 4136 2246 4182 ¹⁷·
