2982 4682
1106 383 1792 498 'ARGUMENTUM
2374 449 2506 520 277
2535 451 2538 456 ·

470 549 533 604 fit
560 565 667 624 per
701 545 1198 606 ratiocinationem
1218 590 1236 620 ,
1258 567 1385 627 cap.
1418 550 1516 616 34.
1543 546 1654 606 Hic
1684 547 1940 624 primum
1969 546 2250 622 quaeritur
2269 589 2286 615 ,
2318 559 2512 610 utrum

470 641 833 700 ratiocinatio
870 642 933 700 in
958 642 1213 722 quinque
1246 657 1443 722 partes
1462 687 1481 718 ‚
1513 662 1586 701 an
1615 643 1688 700 in‘
1713 655 1828 700 tres
1855 641 2068 706 rectius
2091 638 2513 711 distribuatur;

469 737 572 798 ubi
596 751 901 817 postquam
924 750 1215 798 ostensum
1244 753 1359 810 est,
1382 759 1514 819 quae
1544 740 1620 798 sit
1640 738 2108 817 quinquepartita
2128 779 2146 809 ,
2169 756 2300 815 quae
2321 751 2514 796 autem

471 834 791 914 tripartita,
836 834 1365 916 quinquepartitam
1396 836 1640 894 maxime
1677 834 2037 914 probandam
2080 853 2203 892 esse
2241 832 2515 905 docetur,

471 949 593 1007 cap.
625 931 719 1002 35,
754 933 849 989 36.
884 932 1025 1009 Ejus
1052 930 1313 1010 partibus
1332 975 1349 1006 ‚
1383 931 1816 1011 propositione,
1851 930 2266 1009 propositionis
2293 947 2514 1006 appro-

470 1025 723 1096 batione,
746 1030 1165 1108 assumptione,
1194 1030 1601 1108 assumptionis
1627 1028 2069 1109 approbatione,
2091 1025 2514 1105 complexione,

470 1126 853 1197 enumeratis,
889 1147 1016 1206 cap.
1049 1128 1157 1200 37,
1196 1129 1385 1207 agitur
1427 1127 1502 1186 de
1530 1126 2027 1205 argumentatione
2060 1145 2168 1203 per
2195 1124 2518 1182 ratiocina-

470 1219 681 1278 tionem
708 1220 1131 1300 quadripartita
1152 1234 1213 1281 et
1242 1223 1565 1302 tripartita,
1587 1240 1712 1299 cap.
1734 1222 1842 1292 38,
1876 1222 1980 1297 393
2004 1233 2063 1279 et
2091 1239 2166 1278 an
2193 1239 2266 1278 ex
2292 1217 2516 1277 duabus

468 1336 701 1396 quoque
728 1317 995 1395 partibus
1012 1320 1105 1382 vel
1127 1339 1242 1378 una
1267 1333 1534 1382 constare
1556 1318 1738 1397 possit
1760 1317 2200 1396 argumentatio,
2217 1316 2516 1394 quaeritur,

474 1431 605 1491 cap.
630 1423 733 1486 4ο,
760 1423 853 1482 41.

548 1511 770 1583 Quinto
816 1513 947 1570 loco
989 1513 1181 1591 agitur
1222 1513 1296 1574 de
1339 1514 1790 1591 reprehensione
1835 1532 1880 1570 s.
1917 1511 2316 1570 confutatione
2351 1527 2522 1584 argu-

466 1620 793 1672 mentorum
822 1607 1171 1681 adversarii,
1208 1609 1449 1688 ejusque
1476 1607 1764 1680 fontibus,
1799 1627 1923 1686 cap.
1953 1615 2024 1678 [μ
2053 1626 2181 1684 sqq.
2227 1604 2517 1665 Nimirum

468 1706 886 1782 argumentatio
926 1706 1404 1784 reprehenditur,
1434 1707 1483 1766 si
1525 1718 1626 1764 aut
1651 1725 1725 1762 ex
1762 1704 1863 1776 iis,
1903 1723 2034 1781 quae
2071 1714 2301 1780 sumpta
2344 1713 2516 1769 sunt,

468 1817 585 1856 non
613 1800 953 1860 conceditur
979 1801 1213 1880 aliquod
1242 1821 1423 1860 unum
1447 1801 1720 1880 plurave,
1740 1819 1867 1877 cap.
1895 1801 2118 1872 43-463
2147 1810 2247 1857 aut
2269 1796 2360 1855 his
2387 1817 2520 1854 con·

468 1895 641 1954 cessis
656 1939 673 1968 ,
689 1897 1015 1975 complexio
1036 1897 1243 1956 confici
1262 1918 1335 1956 ex
1355 1897 1445 1955 his
1469 1910 1729 1975 negatur,
1751 1915 1879 1973 cap.
1907 1903 2000 1968 47,
2028 1897 2134 1967 483
2157 1908 2258 1954 aut
2273 1893 2323 1950 si
2341 1912 2520 1970 genua

362 2050 372 2058 .
406 2043 416 2050 .
468 1990 659 2067 ipsum
686 1993 1196 2071 argumentationis
1220 1994 1494 2052 vitiosum
1528 1992 1875 2064 ostenditur,
1913 2011 2041 2070 cap.
2069 1999 2180 2067 49,
2211 1989 2318 2062 50;
2347 1999 2448 2047 aut
2472 1989 2520 2046 si

473 2099 673 2146 eontra
696 2089 919 2170 firmam
949 2089 1504 2169 argumentationem
1531 2089 1644 2150 alia
1665 2108 1830 2167 aeque
1855 2089 2018 2148 firma
2045 2100 2148 2146 aut
2172 2086 2394 2146 firmior
2417 2103 2522 2162 ρος

470 2183 648 2257 nitur,
678 2207 801 2266 cap.
834 2187 929 2245 51.

548 2283 768 2351 Ultimo
790 2285 921 2345 loco
948 2287 1153 2347 Cicero
1176 2289 1522 2365 (postquam
1551 2282 1741 2344 obiter
1766 2284 1842 2344 de
1865 2288 2236 2361 Hermagorae
2259 2281 2486 2337 ratione
2501 2322 2517 2350 ,

472 2380 574 2457 qui
589 2380 1015 2462 degressionem
1036 2384 1097 2443 in
1120 2384 1373 2463 partium
1390 2382 1670 2441 orationis
1693 2401 1938 2443 numero
1967 2390 2258 2461 posuerat,
2277 2396 2406 2454 cap.
2423 2376 2518 2446 52,

480 2476 693 2558 dixit),
715 2481 1147 2540 conclusionem
1180 2492 1504 2560 pertractat
1521 2524 1538 2554 ,
1559 2478 1796 2558 ejusque
1823 2492 2018 2558 partes
2047 2490 2162 2536 tres
2181 2519 2199 2548 ,
2220 2491 2522 2532 enumera-

474 2578 685 2641 tionem
700 2620 719 2651 ,
739 2595 865 2656 cap.
884 2576 980 2649 53,
996 2577 1452 2657 indignationem
1465 2620 1483 2650 ,
1499 2596 1626 2658 cap.
1645 2577 1740 2653 54,
1758 2575 2232 2655 conquestionem
2249 2617 2267 2646 ,
2280 2590 2405 2656 cap.
2425 2568 2522 2639 55,

480 2671 713 2739 uberius
742 2674 1009 2753 explicat.
