2982 4682
768 400 893 468 AD
940 366 1532 487 riERENNlUM,
1586 401 1851 469 LmER
1902 403 2004 485 11,
2061 400 2174 473 31.
2409 428 2542 499 109

402 534 629 590 strum
678 519 975 607 fortem,
1024 526 1423 620 patientem
1476 522 2156 594 incommodorumo
2201 526 2540 598 'ostende-

402 657 564 702 mus
596 630 947 703 futurum.
971 633 1694 713 commiserationem
1721 633 2020 706 brevem
2042 658 2196 707 esse
2221 650 2534 735 oportet.

410 742 595 815 Nihil
634 744 829 815 enim
856 743 1167 841 lacryma
1199 746 1413 815 citius
1443 746 1804 817 arescitm.

498 859 673 925 Fere
694 854 893 925 locos
919 852 1474 926 obscurissimos
1514 858 1738 927 totius
1775 851 2053 926 artificii
2079 860 2538 929 tractavimus

400 966 471 1033 in
510 963 653 1036 hoc
690 961 879 1035 libro
920 991 937 1034 z
984 980 1431 1064 quapropter
1474 964 1649 1037 huic
1700 964 2054 1037 volumini
2099 967 2364 1040 modus
2417 967 2539 1039 hic

400 1074 506 1143 sit.
550 1073 889 1172 Reliquas
929 1075 1490 1173 praeceptiones,
1531 1074 1777 1173 quoad
1815 1074 2217 1161 videbitur,
2283 1079 2360 1148 in
2398 1091 2540 1151 ter-

398 1185 579 1254 tium
616 1183 886 1255 librum
914 1182 1451 1256 transferemus
1484 1190 1651 1255 Haec
1679 1186 1775 1273 si,
1810 1197 1894 1255 ut
1921 1186 2330 1283 conquisite
2367 1210 2538 1257 con-

397 1296 850 1392 scripsimus,
902 1296 1000 1366 ita
1045 1310 1129 1367 tu
1172 1294 1560 1393 diligenter
1618 1292 1840 1367 fueris
1883 1309 2425 1394 consequutus,
2466 1311 2538 1367 et

397 1429 531 1479 nos
565 1405 935 1479 industriae
963 1404 1245 1479 fructus
1274 1431 1363 1478 ex
1384 1420 1511 1477 tua
1539 1408 1836 1478 scientia
1859 1408 2256 1504 capiemus,
2287 1422 2360 1477 et
2380 1420 2536 1478 tute

396 1530 707 1587 nostram
765 1516 1210 1615 diligentiam
1280 1514 1612 1588 laudabis
1628 1498 1661 1605 ¹,
1725 1530 1999 1614 tuaque
2066 1519 2534 1615 perceptione

395 1625 722 1699 laetabere
786 1656 803 1698 :
861 1642 947 1699 tu
1004 1629 1346 1699 scientior
1401 1630 1542 1699 eris
1597 1642 2128 1727 praeceptorum
2185 1626 2487 1699 artificio
2515 1682 2534 1717 ,

354 1762 527 1807 -nos
578 1737 958 1810 alacriores
1015 1738 1104 1809 ad
1173 1740 1538 1838 reliquum
1593 1736 2176 1835 persolvendum.
2253 1742 2531 1810 Verum

394 1844 543 1917 haec
602 1844 851 1917 futura
879 1858 935 1891 ¹¹
999 1848 1169 1919 satis
1218 1848 1365 1919 scio
1406 1876 1422 1916 ε
1470 1862 1543 1918 te
1589 1850 1786 1917 enim
1833 1873 1986 1919 non
2041 1851 2324 1945 ignoro.
2380 1852 2530 1920 Nos

394 1954 731 2054 deinceps
774 1956 865 2034 ad
924 1970 1163 2031 cetera
1215 1972 1576 2055 praecepta
1621 1970 2104 2045 transeamuS,
2154 1972 2278 2043 ut,
2325 1958 2568 2055 quod*

394 2065 859 2139 libentissime
871 2065 1173 2139 facimus
1188 2078 1209 2110 ¹
1222 2080 1277 2155 ²,
1296 2082 1442 2139 tuae*
1454 2064 1808 2139 voluntati
1833 2069 2239 2140 rectissimae
2250 2091 2528 2139 morem

392 2200 740 2274 geramus.

460 2366 513 2414 9.
546 2350 812 2399 Patieneem
838 2351 1269 2400 incommodorum.
1298 2346 1410 2398 Sch.
1581 2363 1656 2398 ιο.
1679 2347 1823 2396 Nihil
1839 2348 1970 2396 enim
1999 2348 2217 2410 lacryma
2233 2349 2312 2398 eit.
2329 2347 2523 2398 arescit.

396 2449 419 2473 ι
441 2440 609 2494 etpat.
624 2429 861 2480 incomm.
887 2451 910 2473 ιι
951 2429 1195 2493 Copulam
1216 2426 1412 2477 addidi·
1502 2427 1698 2475 Dictum
1724 2427 1984 2493 Apollonii
2009 2427 2233 2476 rhetoris.
2259 2429 2335 2476 De
2352 2430 2466 2479 Inv.
2484 2431 2527 2488 1,

392 2525 527 2570 mus,
565 2509 750 2572 inquit,
793 2525 821 2557 e
862 2509 976 2556 loco
1010 2508 1156 2556 simili
1200 2508 1309 2558 Cic.
1350 2506 1411 2554 de
1508 2505 1590 2553 56.
1618 2507 1794 2555 Wm.

394 2591 501 2636 Inv.
528 2591 583 2646 1,
608 2588 711 2646 563
738 2587 860 2636 ibid.
887 2597 961 2635 est
988 2601 1003 2637 ε
1034 2608 1059 2629 ιι
1078 2597 1128 2635 et
1149 2587 1409 2651 patientem
1576 2599 1597 2630 1
1613 2601 1658 2632 1.
1690 2587 1806 2633 Heee
1817 2585 2012 2652 fictura.
2041 2588 2122 2636 So.
2155 2596 2214 2633 ut
2248 2585 2530 2635 Herennius

392 2667 813 2716 incommodorum
831 2683 934 2715 esse
952 2677 1001 2714 et
1013 2667 1231 2714 futurum
1248 2680 1349 2712 esse
1364 2685 1408 2715 n.
1497 2660 1602 2710 haec
1631 2661 1890 2728 diligenter
1915 2675 2256 2729 consequatur,
2292 2674 2342 2712 et
2370 2665 2531 2712 scien-

393 2747 575 2796 Nostro
594 2747 707 2795 loeo
723 2745 1047 2812 profuturum
1060 2745 1238 2808 legitur
1242 2741 1411 2806 secisse
1498 2741 1596 2789 tior
1637 2739 1724 2790 fist
1759 2755 2117 2808 preceptorum
2160 2739 2370 2792 artifieio
2411 2756 2427 2791 ι
2462 2742 2524 2790 de

394 2821 445 2872 in
466 2825 579 2874 cod.
600 2825 727 2874 Pith.
755 2836 803 2874 et
820 2826 999 2874 Duisb.
1024 2823 1156 2872 unde
1177 2823 1407 2884 conjiciat
1495 2835 1598 2884 quo
1625 2835 1678 2868 se
1703 2819 1928 2871 dubitare
1945 2833 2092 2886 negat
2115 2821 2320 2885 cognito
2344 2825 2524 2870 Heren-

394 2905 564 2969 aliquis
599 2917 849 2954 auctorem
882 2905 1164 2970 scripsisse:
1195 2925 1220 2945 ιι
1242 2915 1293 2952 et
1315 2919 1403 2968 ps-
1498 2900 1568 2946 nii
1591 2896 1816 2962 ingenie.

396 2985 591 3032 tientem
632 2984 1058 3033 incommodorum
1096 2981 1409 3033 ostendemus
1573 2991 1655 3026 υ.
1679 2979 1826 3042 Quod
1839 2977 2254 3046 Iibertafacimus.
2273 2976 2524 3028 Facimus

398 3065 535 3112 fuisse
552 3075 601 3114 et
620 3063 835 3113 futurum
852 3081 955 3113 esse
981 3086 1023 3113 ο.
1497 3053 1579 3104 ed.
1609 3059 1765 3116 1476.
