2982 4682
776 401 901 471 DE
940 396 1556 485 INVENTIONE‚
1602 399 1866 469 LIBER
1917 400 2020 484 11,
2065 394 2176 483 54.
2222 344 2234 353 ἰ
2407 394 2532 469 5οι

418 536 695 594 mutata
712 530 775 567 ¹²
806 546 926 611 ea,
950 546 1113 619 quae
1140 535 1347 609 sunt,
1380 536 1504 591 aut
1526 516 1590 565 ¹³
1611 534 1778 595 ante
1809 517 2128 609 fuerunt,
2153 529 2278 593 aut
2303 518 2546 592 futura

418 646 631 719 sunt,
669 632 1029 703 dicuntur.

521 745 698 812 LIV.
743 738 1287 812 Consuetudine
1318 740 1438 836 jus
1470 754 1616 825 est,
1653 736 1856 837 quod
1901 754 2024 811 aut
2064 739 2314 813 leviter
2350 766 2390 811 a
2428 766 2550 813 na-

420 865 587 923 tura
615 864 923 923 tractum
960 851 1135 921 aluit
1160 865 1233 922 et
1265 849 1496 945 majus
1532 847 1698 921 fecit
1727 873 1900 921 usus
1921 903 1942 939 ,
1979 864 2061 920 ut
2087 847 2548 946 religionem;

420 976 546 1033 aut
575 962 635 1031 si
662 960 838 1058 quid
866 985 1119 1032 eorum
1141 969 1193 1047 ²,
1217 986 1379 1057 quae
1406 973 1576 1031 ante
1608 958 1920 1031 diximus
1941 1014 1962 1046 ‚
1997 958 2089 1030 ab
2115 972 2370 1029 natura
2397 984 2552 1055 pro-

422 1069 731 1158 fectum,
770 1073 1005 1167 majus
1053 1070 1324 1143 factum
1376 1086 1676 1169 propter
1712 1071 2314 1144 consuetudinem
2362 1072 2554 1145 vide-

422 1204 622 1270 mus;
645 1196 769 1255 aut
804 1180 1004 1285 quod
1032 1184 1109 1251 in
1144 1206 1419 1253 morem
1454 1196 1770 1255 vetustas
1795 1182 1991 1281 vulgi
2026 1182 2554 1281 approbatione

424 1292 796 1389 perduxit:
816 1291 1012 1389 quod
1034 1316 1287 1390 geum,
1304 1306 1626 1391 pactum,
1646 1317 1797 1390 par,
1811 1293 2232 1389 judicatum.
2257 1298 2553 1365 Pactum

424 1415 563 1488 est,
596 1401 797 1501 quod
827 1404 1019 1474 iuter
1043 1400 1325 1498 aliquos
1351 1402 1692 1474 convenit
1719 1428 1734 1471 ε
1765 1426 1918 1502 par,
1964 1402 2166 1499 quod
2195 1404 2268 1473 in
2297 1424 2556 1473 omnes

422 1511 806 1609 aequabile²
842 1528 951 1584 est
982 1538 998 1582 ε
1031 1512 1469 1608 judicatum,
1501 1510 1592 1586 de
1627 1536 1778 1609 quo
1801 1510 2119 1607 aiicujuS,
2141 1526 2264 1583 aut
2287 1512 2558 1609 aliquo-

423 1645 589 1693 rum
612 1621 759 1717 jam
777 1622 1155 1693 sententiis
1174 1626 1650 1694 constitutum
1670 1636 1799 1692 est.
1827 1626 2016 1719 Lege
2040 1623 2158 1718 jus
2186 1637 2330 1711 est,
2354 1620 2558 1721 quod

424 1733 501 1801 in
538 1756 627 1803 eo
664 1732 975 1829 script0‚
1012 1731 1215 1829 quod
1254 1732 1532 1831 populo
1567 1733 1973 1829 expositum
2009 1748 2146 1822 est,
2185 1748 2267 1804 ut
2305 1724 2556 1805 obser·

431 1856 592 1929 vet,
630 1844 1066 1913 continetur.

520 1950 943 2023 Fortitudo³
982 1966 1092 2023 est
1126 1951 1574 2023 considerata
1615 1954 2110 2049 'periculorum
2153 1954 2513 2051 susceptio
2536 2007 2557 2039 ‚

362 2097 369 2113 ·
426 2076 499 2132 et
566 2059 893 2133 laborum
945 2062 1341 2158 perpessio.
1406 2062 1580 2156 Ejus
1639 2076 1919 2159 partes,
1990 2062 2556 2159 magnificentia,

424 2168 762 2260 fidentia,
806 2172 1148 2269 patientia
1172 2226 1193 2259 ‚
1226 2172 1772 2268 perseverantia.
1813 2170 2390 2268 Magnificentia⁴
2451 2186 2562 2243 est

424 2304 673 2354 rerum
726 2304 1187 2379 magnarum,
1231 2296 1303 2354 et
1352 2282 1794 2358 excelsarum
1836 2306 2000 2354 cum
2051 2284 2271 2354 animi
2323 2282 2560 2380 ampla

425 2391 735 2490 quadam
787 2407 861 2464 et
899 2392 1275 2490 splendida
1313 2392 1810 2493 propositione
1853 2395 2158 2492 agitatio·
2186 2407 2410 2490 atque
2447 2393 2558 2462 ad·

426 2503 893 2574 ministratio:
918 2501 1215 2574 fidentia
1246 2518 1357 2576 est
1374 2559 1395 2592 ‚
1424 2525 1558 2602 per
1579 2529 1798 2602 quam
1831 2506 2110 2602 magnis
2135 2518 2210 2574 et
2235 2503 2558 2578 honestis

425 2611 501 2682 in
537 2610 757 2684 rebus
790 2612 1097 2684 multum
1136 2616 1289 2711 ipse
1318 2616 1600 2686 animus
1633 2617 1708 2685 in
1750 2613 2358 2687 se-fiduciae-certa
2389 2637 2557 2684 oum

426 2746 556 2821 spe
592 2722 969 2794 collocavit
1003 2751 1020 2794 ε
1066 2726 1554 2822 patientia-est
1577 2721 1630 2813 ⁵,
1651 2725 2047 2795 honestatis
2079 2739 2203 2794 aut
2229 2723 2558 2798 utilitatis

426 2853 676 2915 causa,
718 2855 963 2902 rerum
1000 2831 1387 2902 arduarum
1438 2857 1526 2904 ac
1575 2831 1972 2904 difficilium
2025 2833 2430 2906 voluntaria
2475 2857 2560 2908 ac

426 2936 803 3018 diuturna,
839 2944 1205 3037 perpessio
1262 2967 1277 3008 :
1356 2943 1889 3037 perseverantia
1963 2955 2070 3011 est
2135 2943 2208 3012 in
2279 2944 2558 3015 ratione

428 3044 617 3117 bene
654 3047 1093 3120 considerata
1136 3048 1409 3120 stabilis
1444 3065 1519 3122 et
1555 3066 1900 3148 perpetua
1935 3052 2363 3148 permansio,

524 3157 1029 3253 Temperantia
1060 3153 1226 3229 est⁶
1290 3157 1588 3232 rationis
1627 3165 1706 3232 in
1749 3155 2169 3248 libidinem.
2209 3179 2428 3260 atque
2478 3169 2558 3236 in

506 3365 585 3396 ιο.
605 3350 885 3396 lmmuma.
904 3346 963 3396 ld
988 3360 1086 3410 ent,
1106 3365 1208 3398 non
1234 3363 1413 3401 munt·
1430 3385 1446 3410 ,
1537 3351 1603 3402 de
1643 3373 1668 3395 ι
1685 3353 1863 3409 Paeto,
1905 3353 2010 3418 pari
2039 3389 2058 3416 ‚
2096 3355 2342 3417 judicato,
2380 3356 2483 3422 iege
2512 3381 2553 3406 ιι.

426 3438 485 3478 nt
503 3429 699 3478 Terent.
720 3425 877 3476 Andr.
902 3427 954 3487 1,
982 3428 1041 3486 5,
1067 3431 1309 3490 7.Wm.
1613 3447 1666 3480 a.
1692 3435 1808 3487 Par,
1842 3433 1980 3496 quod
2007 3433 2060 3482 in
2095 3451 2262 3483 omncs
2299 3435 2555 3501 aequabile.

504 3508 585 3557 13.
612 3510 713 3555 Aue
735 3516 852 3556 ante
861 3503 1085 3571 fuorunt.
1106 3505 1305 3556 Schiitz.
1320 3508 1448 3558 delet
1535 3510 1616 3558 Sic
1637 3511 1778 3575 posui
1802 3523 2054 3576 preeunte
2081 3513 2184 3562 1⁸21.
2205 3529 2300 3561 see.
2329 3525 2380 3564 et
2404 3517 2555 3566 Grev.

427 3598 575 3643 ante,
602 3597 733 3636 anet.
761 3585 875 3636 eod.
899 3587 1035 3638 Leid.
1056 3604 1100 3647 1,
1124 3603 1152 3636 a
1179 3605 1245 3638 m.
1264 3605 1339 3653 pr.
1535 3591 1772 3652 Vulgata,
1812 3590 1974 3638 cinter
1994 3607 2223 3638 omnesn.
2248 3593 2414 3640 Gnur.

500 3666 629 3714 LIV.
652 3681 697 3713 1.
714 3667 818 3715 Aue
839 3663 885 3713 εἰ
906 3666 1031 3731 quid
1049 3681 1264 3718 eorum..
1278 3664 1447 3716 avide·
1607 3669 1661 3718 3.
1681 3667 1945 3717 Fortitudo.
1967 3671 2181 3718 Hereum.
2202 3673 2306 3726 111,
2329 3685 2358 3718 2
2375 3687 2390 3726 ς
2409 3673 2556 3721 Tunc.

430 3759 551 3792 mus.
580 3745 656 3791 Do
699 3759 795 3806 qna
838 3745 1000 3807 phrasi
1044 3743 1299 3794 Sebiitnius
1343 3746 1411 3794 ait
1431 3761 1455 3795 :·
1537 3751 1603 3808 V,
1637 3757 1729 3810 ης
1758 3745 1819 3795 de
1837 3745 1982 3794 Offic.
2001 3751 2024 3794 1
2045 3781 2061 3805 ,
2093 3747 2147 3804 5,
2183 3763 2276 3810 ¹93
2314 3747 2374 3797 de
2397 3751 2554 3800 Finib.

430 3822 779 3888 Turpissimum
828 3823 1191 3889 interpolatoris
1232 3841 1449 3889 pannum
1538 3830 1608 3886 V,
1637 3828 1740 3885 ’ὃς
1773 3826 1928 3874 Arist.
1953 3827 2098 3873 Rhet.
2121 3829 2171 3884 1,
2199 3843 2248 3890 9.

428 3901 513 3950 hie
538 3911 753 3949 mutum
781 3901 1065 3951 rescidimm
1080 3939 1095 3964 ,
1118 3905 1169 3951 iu
1191 3919 1311 3967 quo,
1327 3897 1452 3952 nihil
1612 3913 1663 3961 4.
1698 3903 2064 3971 magnificentia
2093 3915 2181 3952 ese.
2201 3905 2330 3954 vide
2353 3907 2557 3960 Aristot.

428 3980 565 4028 aliud
614 3982 741 4030 inest
756 4013 771 4038 ,
818 3980 911 4028 nini
958 3981 1112 4030 futilia
1161 3983 1449 4043 sententio,
1538 3985 1685 4034 mm.
1705 3989 1753 4041 1,
1775 3999 1840 4048 93
1863 3987 2039 4048 Quint.
2055 3985 2145 4043 IV,
2171 4000 2223 4033 α.
2282 4009 2290 4016 ·

442 4083 467 4106 ι
484 4059 620 4125 quod
642 4070 752 4108 aut.
764 4090 778 4107 .
790 4061 929 4108 0feeit
944 4077 1099 4110 mun·
1120 4063 1364 4128 repetitio.
1382 4087 1451 4099 --
1612 4063 1664 4112 5.
1693 4063 1938 4112 Patientia
1957 4075 2040 4114 ese.
2061 4063 2142 4113 Cf.
2159 4066 2308 4112 Pau-tt.
2329 4080 2415 4114 22.

430 4143 505 4190 De
536 4156 587 4187 re
613 4151 773 4188 nutem
801 4154 928 4204 resp.
957 4155 1065 4205 cap.
1096 4156 1162 4190 aa
1178 4175 1193 4200 ,
1226 4141 1353 4190 ibid.
1378 4152 1458 4188 eot-
1611 4141 2016 4206 §.Temperantia
2035 4153 2124 4190 ese.
2143 4142 2266 4192 Vide
2285 4143 2348 4192 de
2373 4147 2474 4194 trin.
2497 4149 2562 4206 u,
