2982 4682
443 378 586 459 224
1125 377 1221 442 M.
1280 377 1353 442 T.
1395 376 1891 446 CICERONIS

437 501 513 568 in
549 495 858 568 dicendo
882 551 900 581 ,
926 520 1060 566 nos
1097 494 1410 592 aliquam
1445 521 1599 568 rem
1641 509 1867 566 totam
1905 495 2191 569 tradere
2222 513 2299 569 et
2336 523 2585 574 conce-

437 608 609 679 dere
653 606 952 700 alicujus
991 605 1384 693 voluntati,
1436 607 1537 677 sic
1578 633 1593 676 ε
1630 635 1665 670 α
1694 607 2057 696 Quoniam
2096 607 2443 680 omnibus
2476 635 2584 682 re·

440 719 579 789 bus
639 719 941 815 ereptis,
986 717 1183 788 solus
1226 732 1556 814 superest
1594 718 1927 788 animus²
1976 733 2048 790 et
2092 741 2396 817 corpus,
2436 719 2585 792 haec

439 833 633 928 ipsa,
680 852 844 924 quae
882 827 1060 898 mihi
1096 825 1188 898 de
1223 827 1471 898 multis
1514 827 1669 898 sola
1708 827 1949 898 relicta
1994 844 2164 899 sunt
2190 883 2209 915 ,
2272 828 2479 901 vobis
2515 846 2590 902 et

440 955 690 1010 vestrae
727 937 1071 1010 condono
1108 941 1466 1035 potestati.
1520 940 1671 1010 Vos
1698 963 1854 1019 me,
1894 963 2045 1036 quo
2082 937 2343 1037 pacto-’⁶
2379 939 2589 1013 vobis

441 1050 830 1130 videbitur,
869 1051 1218 1135 utamini,
1255 1064 1477 1146 atque
1522 1047 1921 1120 abutamini
1955 1048 2201 1122 licebit
2237 1053 2583 1148 impune:

443 1165 514 1232 in
563 1186 678 1232 me
700 1215 718 1244 ‚
752 1157 1114 1256 quidquid
1163 1158 1381 1244 libet,
1417 1161 1747 1230 statuite:
1778 1158 1993 1230 dicite
2016 1213 2035 1246 ,
2063 1176 2280 1257 atque
2308 1161 2589 1232 obtem-

445 1275 718 1374 perabo
739 1305 796 1343 n.
846 1279 1002 1345 Hoc
1047 1299 1278 1371 genus
1311 1275 1595 1343 tametsi
1648 1272 1817 1344 alias
1868 1299 2169 1372 quoque
2222 1299 2591 1347 nonnum·-

443 1410 662 1484 quam
707 1383 1158 1454 tractandum
1195 1398 1305 1453 est
1327 1437 1348 1468 ‚
1398 1397 1637 1453 tamen
1670 1384 1759 1454 ad
1790 1384 2349 1458 misericordiam
2388 1409 2591 1458 com-

445 1494 881 1567 movendam
924 1493 1561 1564 vehementissime
1607 1508 1715 1564 est
1750 1493 2395 1567 accommodatum.

544 1602 922 1676 Dubitatio
939 1605 966 1652 ⁴
985 1617 1094 1673 est
1115 1627 1378 1700 ,quum
1401 1627 1727 1700 quaerere
1749 1605 2039 1675 videtur
2060 1619 2329 1690 orator,
2344 1619 2595 1677 utrum

449 1714 542 1786 de
585 1710 875 1784 duobus
915 1713 1190 1810 potina,
1227 1727 1352 1782 aut
1387 1712 1567 1808 quid
1622 1713 1715 1784 de
1762 1713 2097 1810 pluribus
2138 1717 2597 1814 potissimum

449 1822 666 1910 dicat,
713 1821 855 1892 hoc
891 1821 1208 1892 modoz«
1232 1820 1495 1893 obfuit
1531 1849 1617 1893 eo
1658 1839 1987 1920 tempore
2026 1825 2423 1922 plurimum
2464 1828 2598 1896 rei-

453 1932 760 2032 publicae
785 1931 1168 2003 consulum
1201 1933 1346 2018 sive
1374 1932 1783 2018 stultitiam,
1812 1937 1958 2005 sive
1990 1936 2329 2006 malitiam
2358 1935 2597 2008 dicere

451 2057 788 2142 oportet,
821 2045 976 2118 sive
1027 2057 1490 2139 utrumque».
1542 2049 1767 2129 Item,
1806 2049 1965 2115 «Tu
2020 2044 2209 2116 istud
2266 2069 2481 2118 ausus
2520 2061 2598 2118 es

451 2153 730 2240 dicere,
798 2152 1022 2223 homo
1077 2155 1436 2224 omnium·
1474 2155 2003 2226 mortalium...?
2039 2155 2265 2229 Nam⁵
2304 2181 2457 2255 quo
2494 2173 2600 2245 te,

454 2263 677 2361 digno
719 2261 1043 2334 moribus
1085 2263 1226 2332 tuis
1250 2316 1271 2350 ,
1300 2251 1658 2361 appellem
1700 2265 2051 2338 nomine?
2082 2297 2115 2332 »

549 2370 969 2473 Expeditio⁶
1007 2386 1114 2443 est
1131 2428 1152 2459 ,
1181 2398 1410 2470 quum
1433 2430 1450 2460 ,
1473 2376 1883 2447 rationibus
1907 2378 2405 2477 compluribus
2429 2404 2601 2451 enu—

454 2488 783 2569 meratis,
822 2483 1093 2581 quibus
1131 2485 1372 2582 aliqua
1412 2511 1527 2558 res
1559 2502 1687 2558 aut
1722 2486 1875 2559 fieri
1922 2504 2045 2559 aut
2088 2514 2236 2560 non
2273 2488 2427 2561 fieri
2471 2514 2600 2587 po-

453 2599 708 2678 tuerit,
747 2610 1002 2668 ceterae
1059 2595 1456 2682 tolluntur,
1510 2622 1655 2668 una
1689 2600 2157 2697 relinquitur,
2209 2624 2427 2696 quam
2470 2625 2603 2671 nos

455 2705 937 2792 intendimus,
978 2703 1120 2774 hoc
1151 2704 1373 2776 modo
1407 2734 1421 2775 :
1463 2737 1497 2772 c<
1522 2710 1835 2779 Necesse
1873 2723 2026 2795 est,
2060 2734 2287 2807 quum
2326 2726 2605 2783 constet

403 2897 416 2913 ἢ
458 2819 672 2889 istum
719 2812 1029 2886 fundum
1069 2831 1402 2886 nostrum
1427 2828 1453 2873 ⁷
1497 2816 1753 2903 fuisse,
1798 2818 2177 2907 ostendas,
2213 2836 2283 2891 te
2320 2836 2443 2892 aut
2480 2846 2605 2893 va·

459 3082 654 3147 guantis
674 3095 686 3127 τ
707 3080 856 3127 altera
883 3095 1000 3127 vero
1035 3094 1166 3127 arma
1203 3080 1354 3129 veluti
1387 3092 1484 3129 tra·

459 3160 622 3209 dentis
642 3194 656 3215 ‚
681 3174 792 3222 quae
823 3174 874 3205 ae
911 3159 1014 3205 sive
1035 3159 1218 3219 judicis
1235 3193 1251 3218 ,
1281 3163 1382 3207 sive
1402 3159 1488 3207 ad·

457 3238 656 3287 versarii
715 3236 957 3285 voluntati
1016 3248 1066 3282 et
1146 3238 1490 3287 misericordie

459 3316 714 3382 permittit.

535 3414 584 3445 ι.
615 3396 752 3441 Solus
788 3405 1008 3457 superest
1036 3393 1244 3441 animus.
1279 3396 1490 3445 Restittti

461 3476 616 3536 solus,
644 3472 780 3537 qnod
815 3472 940 3523 Mss
971 3472 1194 3537 plerique
1229 3474 1410 3523 habent
1441 3487 1491 3525 et

462 3554 578 3603 edd.
603 3560 759 3614 1474,
785 3552 940 3612 1475,
967 3554 1104 3602 Med.
1124 3564 1330 3618 utraque
1347 3557 1487 3605 Jhnt.

463 3632 584 3681 Ald.
597 3644 694 3680 ete.
709 3631 804 3679 nini
827 3631 964 3694 quod
983 3632 1082 3679 fere
1102 3634 1260 3681 solum
1285 3634 1488 3696 habent,

463 3716 646 3763 usitato
671 3726 778 3759 avo
797 3710 1014 3759 inferiori
1035 3727 1214 3761 errore.
1230 3714 1362 3763 Enu-

539 3794 586 3841 3.
625 3794 722 3838 Vos
747 3805 852 3848 me,
877 3807 976 3855 quo
999 3803 1172 3855 pacto.
1214 3794 1326 3843 Soh.
1347 3815 1372 3835 οι
1393 3795 1493 3841 Vos

467 3889 543 3919 me
584 3881 746 3919 vestro
764 3891 808 3916 ιι.
839 3872 1037 3926 Vestro,
1069 3872 1252 3935 inquit,
1291 3873 1428 3935 quod
1464 3887 1491 3920 ι

469 3953 640 4000 ceteris
663 3949 825 4009 abest,
849 3950 1088 4013 probante
1119 3950 1446 4016 Oudendorp.
1467 3970 1495 4001 e

469 4031 596 4077 MSS
621 4024 906 4088 adjecimus.

544 4118 595 4165 Ι..
639 4108 904 4157 Βυὸίεαεὶο.
951 4108 1118 4157 Graece
1171 4107 1368 4177 ἀπορία.
1423 4112 1496 4158 De

1576 3098 1675 3145 qna
1700 3084 1833 3131 conf.
1861 3085 2071 3147 Quintil.
2096 3088 2198 3142 nt,
2220 3102 2246 3134 ς
2269 3102 2286 3148 3
2310 3088 2415 3136 Cic.
2434 3088 2497 3136 de
2520 3089 2602 3139 cl.

1578 3160 1718 3209 Orat.
1744 3164 1819 3227 111
1844 3193 1857 3221 ,
1900 3164 1963 3213 53
1986 3175 2037 3211 et
2059 3165 2144 3223 54.

1653 3241 1700 3291 5.
1720 3242 1851 3289 Nam
1872 3260 1970 3307 quo
1996 3256 2059 3291 ee.
2086 3246 2205 3293 Haee
2224 3254 2298 3293 eut
2326 3260 2435 3291 vera
2458 3246 2608 3296 lectio

1578 3318 1676 3367 loci
1702 3325 1927 3386 corrupti
1950 3322 2001 3370 in
2026 3344 2051 3365 α
2068 3338 2235 3387 quaero
2252 3338 2467 3387 quonam
2488 3338 2575 3373 te·-
2595 3342 2610 3376 τ

1578 3400 1715 3462 quod
1742 3411 1815 3447 est
1841 3402 2279 3465 languidiuimum.
2300 3404 2381 3451 Sic
2410 3404 2606 3453 Gruter.

1580 3479 1761 3542 reperit
1813 3481 1866 3528 in
1907 3482 2032 3529 MSS
2080 3482 2181 3530 Pal.
2226 3483 2298 3531 eie
2332 3483 2465 3551 Lips.
2512 3485 2611 3535 nisi

1578 3560 1715 3623 quod
1740 3560 1879 3608 addit
1898 3562 2000 3610 alio
2019 3565 2165 3611 Voss.
2184 3576 2231 3613 a.
2247 3566 2376 3614 Ean.

1652 3639 1699 3685 6.
1720 3640 2003 3704 Expeditio.
2020 3644 2179 3705 Quam
2194 3645 2317 3693 male
2333 3645 2441 3693 vult
2455 3647 2611 3695 beten.

1578 3718 1754 3765 tionem
1778 3720 2011 3784 appellari
2036 3723 2323 3783 wanliam,
2358 3740 2509 3789 quum
2529 3740 2614 3775 ex-

1582 3798 1779 3845 ornatio
1798 3814 1901 3847 non
1924 3810 2024 3849 tam
2054 3817 2115 3849 eo
2150 3812 2345 3851 constet
2371 3805 2509 3869 quod
2534 3806 2613 3853 in-

1583 3874 1819 3935 tenditur,
1851 3893 1997 3940 quam
2039 3880 2098 3926 iis
2136 3898 2249 3943 quoe
2286 3896 2613 3943 removentur,

1582 3954 1763 4017 quibus
1802 3957 2007 4007 sublatis
2054 3961 2319 4025 expeditur
2360 3964 2439 4012 in·
2488 3966 2615 4014 ratio

1584 4049 1694 4095 quae
1718 4046 1955 4097 mperest.

1662 4128 1708 4171 7.
1750 4111 1911 4162 Iseum
1940 4113 2167 4179 fundum
2230 4130 2463 4168 nostrum.
2518 4122 2615 4169 mc
