2982 4682
718 413 841 481 DE
888 413 1491 496 INVENTmNE,
1539 412 1806 482 LmER
1855 415 1956 498 11,
2001 441 2112 512 27.
2337 424 2478 517 449

262 595 271 604 .
358 535 846 608 indemnatam
881 533 1120 604 necari
1161 558 1309 604 non
1349 535 1679 630 oportuit
1703 563 1756 602 n.
1808 537 1911 606 Ex
1954 561 2096 633 qua
2137 539 2482 634 judicatio

358 643 445 716 fit
500 671 515 712 :
586 671 623 708 α
663 646 909 734 Quum
963 646 1254 712 Horatia
1313 640 1614 712 fratrum
1673 659 1979 716 mortem
2048 649 2476 747 negligeret,

360 753 679 824 hostium
734 753 1037 848 lugeret,
1086 741 1363 822 fratris8
1417 767 1487 822 et
1539 751 1790 848 populi
1851 757 2127 824 romani
2187 759 2481 832 victoria

360 888 511 932 non
552 861 939 958 gauderet,
983 861 1483 958 oportueritne
1536 886 1692 932 eam
1746 885 1786 932 a
1837 860 2056 934 fratre
2108 865 2480 938 indemna-

361 985 505 1042 tam
551 973 789 1042 necari
819 1001 873 1040 ι).

438 1085 738 1174 XXVII.
792 1079 1073 1176 (xxvu.)
1108 1085 1263 1152 Hoc
1304 1084 1381 1151 in
1434 1105 1696 1178 genere
1739 1105 2000 1170 causae,
2051 1086 2370 1180 prImum
2421 1087 2482 1156 si

363 1188 537 1284 quid
578 1215 665 1262 ex
708 1194 965 1260 ceteris
996 1188 1287 1260 dabitur
1319 1191 1989 1276 constitutionibus,
2018 1195 2240 1262 sumi‘
2274 1217 2487 1292 opor-

364 1296 581 1380 tebit,
617 1300 799 1370 sicut
849 1300 927 1368 iu
978 1303 1515 1396 comparatione
1560 1315 1994 1396 praeceptum
2038 1314 2188 1384 est3
2239 1317 2492 1399 poste-a

364 1409 591 1503 siqua
616 1406 913 1479 facultas
942 1409 1079 1478 erit
1096 1461 1114 1493 ,
1140 1432 1269 1506 per
1296 1408 1604 1505 aliquam
1637 1410 2221 1480 constitutionem
2251 1409 2452 1481 ill-um
2469 1465 2488 1498 ,

362 1523 437 1588 in
459 1542 673 1613 quem
702 1519 973 1590 crimen
1002 1517 1453 1608 transfertur,
1481 1517 1909 1607 defendere3
1937 1518 2230 1607 deinde,
2260 1519 2488 1590 levius

366 1651 519 1698 ease
536 1638 592 1714 ²,
646 1626 845 1723 quod
901 1629 977 1698 in
1045 1627 1347 1698 alterum
1416 1641 1790 1724 peccatum
1849 1653 2014 1698 reus
2076 1625 2490 1714 transferat,

367 1761 583 1833 quam
616 1734 811 1832 quod
842 1738 992 1834 ipse
1022 1738 1461 1834 susceperit;
1501 1751 1748 1834 postea
1787 1732 2308 1808 translationis3
2337 1761 2492 1835 par-

370 1842 567 1916 tibus
604 1846 747 1930 uti,
794 1859 869 1916 et
906 1843 1329 1934 ostendere,
1381 1869 1420 1914 a
1458 1871 1650 1941 que,
1710 1859 1782 1915 et
1815 1869 1944 1942 per
1969 1869 2154 1941 quos
2177 1899 2196 1930 ,
2230 1860 2304 1918 et
2345 1872 2494 1944 quo

366 1952 623 2042 modo,
661 1969 735 2025 et
768 1979 914 2049 quo
956 1969 1285 2050 tempore
1320 1968 1446 2025 aut
1474 1956 1620 2050 agi,
1655 1969 1779 2024 aut
1811 1953 2156 2048 judicari,
2194 1972 2322 2026 aut
2353 1971 2492 2028 sta-

367 2065 475 2134 tui
504 2063 595 2136 de
624 2089 705 2135 ea
730 2089 809 2136 re
836 2067 1295 2148 convenerit3
1326 2087 1406 2134 ac
1432 2062 1643 2133 simul
1669 2061 2078 2148 ostendere,
2108 2087 2258 2133 non
2285 2088 2496 2161 opor-

368 2176 589 2244 tuisse
630 2187 793 2244 ante
832 2173 1263 2270 supplicium
1288 2225 1309 2257 ,
1337 2194 1556 2269 quam
1581 2169 1934 2267 judicium
1956 2225 1976 2256 ,
2003 2172 2488 2267 interponere.

366 2287 550 2355 Tum
612 2283 803 2381 leges
848 2293 1187 2379 quoque,
1236 2296 1309 2353 et
1361 2281 1630 2378 judicia
1688 2279 2247 2353 demonstranda
2289 2296 2494 2369 sunt,

370 2419 501 2493 per
536 2420 697 2491 quae
738 2394 1059 2489 potuerit
1085 2391 1157 2462 id
1190 2406 1600 2490 peccatum,
1635 2392 1836 2490 quod
1867 2404 2127 2488 sponte
2167 2416 2292 2461 sua
2330 2416 2496 2463 reus

372 2505 671 2602 punitus
715 2501 891 2588 sitti,
944 2501 1271 2572 moribus
1324 2516 1395 2572 et
1445 2501 1720 2595 judicio
1787 2500 2148 2571 vindicari.
2215 2500 2494 2571 Deinde

372 2637 635 2711 negare
662 2611 991 2699 debebit,
1032 2612 1269 2683 audiri
1299 2626 1638 2707 oportere
1677 2609 1791 2698 id,
1826 2609 2024 2706 quod
2062 2610 2135 2679 in
2167 2632 2333 2680 eum
2361 2610 2495 2680 cri-

372 2728 589 2796 minis
616 2725 1049 2811 conferatur,
1092 2723 1185 2795 de
1217 2749 1377 2821 quo
1399 2727 1459 2795 is
1490 2726 1682 2820 ipse,
1731 2725 1857 2820 qui
1903 2720 2266 2809 conferat,
2309 2722 2500 2815 judi-

373 2839 562 2907 cium
609 2832 775 2927 fieri·
808 2834 1163 2917 noluerit;
1215 2849 1285 2903 et
1327 2834 1443 2922 id,
1505 2830 1702 2929 quod
1743 2830 2142 2926 judicatum
2183 2855 2335 2900 non
2375 2832 2497 2917 sit,

372 2968 509 3039 pro
544 2940 815 3013 infecto
850 2941 1103 3013 haberi
1130 2956 1508 3039 oportere3
1552 2954 1801 3037 postea
1828 2938 2347 3037 impudentiam
2381 2938 2502 3010 de·

369 3064 771 3121 monstrare
812 3073 1105 3139 eorum,
1151 3054 1279 3147 qui
1315 3074 1479 3121 eum
1521 3072 1720 3119 nunc
1749 3047 1942 3146 apud
1973 3046 2250 3143 judices
2291 3072 2496 3120 accu-

444 3262 493 3309 8.
526 3255 717 3305 Fratris
750 3265 797 3305 a
829 3253 1021 3320 populi.
1056 3254 1250 3303 Lallem.
1280 3276 1307 3297 ι
1325 3254 1387 3303 de

368 3336 531 3383 fratris
556 3346 606 3383 et
632 3331 810 3399 populi
826 3356 872 3382 ιι.

437 3416 653 3463 xxvn.
680 3430 725 3463 ι.
750 3412 886 3463 Sume‘
902 3410 1153 3477 oportebit.
1191 3409 1385 3461 schiiu.

369 3490 454 3537 (lat
492 3511 514 3533 ι
530 3492 653 3538 sumi
675 3492 737 3539 ab
764 3503 1044 3541 accusatore
1064 3490 1353 3555 oportebit·—
1368 3523 1384 3549 ,

369 3567 473 3615 hae
501 3568 647 3616 verba
674 3570 931 3619 restituens
952 3586 1015 3617 ex
1042 3570 1120 3619 ed.
1138 3570 1387 3631 umbini,

370 3646 485 3709 quia
514 3662 701 3709 temper
730 3647 909 3697 ‹li-ene
944 3650 1239 3698 accusatori·
1276 3665 1389 3715 par·

371 3734 446 3770 tea
473 3722 745 3773 defensori·
766 3728 986 3790 partibus
1008 3739 1347 3792 opponuntur.

442 3814 489 3847 α.
516 3801 685 3847 Levius
703 3819 833 3860 esse,
858 3805 1003 3868 quod.
1036 3806 1208 3853 Delevi
1232 3804 1388 3855 illud.-

369 3894 472 3928 non
492 3888 565 3927 ent
593 3879 645 3925 in
674 3882 761 3929 MS
778 3884 925 3931 Voss.
947 3892 995 3929 et
1020 3884 1089 3931 ita
1111 3882 1207 3931 hoo
1234 3885 1391 3933 simile

370 3958 461 4005 erit
482 3958 729 4021 sequenti,
748 3960 801 4007 in
824 3976 923 4024 quo
949 3961 1137 4011 nullum
1160 3964 1255 4011 talo
1275 3980 1389 4028 pro-

370 4052 555 4086 nomen
574 4048 663 4085 cot.
687 4038 817 4087 Eur.

444 4116 491 4163 3.
500 4116 873 4166 Tmnslacionis.
891 4118 1053 4179 Quam
1068 4120 1259 4169 Tullius
1274 4120 1391 4168 alibi

518 4202 574 4269 Ῑ.
630 4216 727 4267 Cic.
735 4234 855 4286 pars
864 4216 1044 4286 prima.
1256 4214 1261 4217 ’

1472 3266 1618 3304 vocat
1637 3291 1653 3317 ,
1681 3276 1706 3297 σι
1724 3254 2050 3305 translativam
2071 3272 2230 3306 eam
2249 3260 2493 3310 constitu-

1474 3335 1702 3395 tionem»,
1713 3334 1872 3383 Graeci
1883 3330 2158 3402 μετάληψιν,
2168 3348 2218 3386 et
2227 3338 2494 3402 aliquando

1471 3409 1814 3482 παρα-γραφήν.
1829 3416 1968 3461 Tunc
1987 3425 2144 3463 sutem
2164 3416 2330 3465 locum
2349 3418 2496 3469 habet

1472 3492 1556 3541 hie
1581 3494 1864 3555 quaestionis
1886 3495 2112 3543 oratorie
2132 3505 2314 3553 statua,
2339 3514 2492 3560 quum

1472 3570 1766 3634 ling-utinm
1795 3573 1916 3619 alter
1949 3573 2208 3622 contendit
2233 3590 2334 3623 non
2361 3576 2496 3640 apud

1472 3650 1568 3698 hos
1579 3650 1794 3711 judiees,
1809 3662 1895 3699 ant
1913 3666 2015 3699 non
2029 3652 2126 3699 boc
2149 3662 2368 3715 tempore
2380 3686 2396 3711 ,
2413 3664 2499 3705 ant

1469 3744 1580 3775 non
1630 3728 1720 3777 lue
1763 3730 1868 3793 lego
1912 3745 2074 3777 mcum
2128 3732 2204 3793 agi
2249 3742 2494 3794 oportere.

1477 3808 1698 3857 eamn.

1551 3894 1604 3943 4.
1631 3886 1835 3935 Puniens
1855 3885 1932 3937 ss‘e.
1955 3888 2128 3935 active
2151 3902 2246 3951 pro
2257 3887 2496 3951 punierit.

1474 3966 1776 4030 Deponentis
1799 3966 1930 4013 enim
1957 3967 2111 4013 formu
2135 3966 2188 4013 in
2223 3966 2320 4015 hoo
2343 3968 2494 4017 verbo

1476 4046 1654 4107 sapim
1683 4044 1918 4092 occurrit.
1949 4042 2070 4091 Sm-
2105 4069 2170 4081 ·-
2187 4044 2258 4093 Ut
2275 4046 2386 4096 Mil.
2406 4050 2464 4097 13
2485 4062 2504 4107 ς

1478 4121 1606 4173 rhu.
1627 4125 1684 4181 ες
1715 4120 1936 4181 omna,
1964 4122 2243 4172 murm.
2323 4142 2340 4153 =

2167 4232 2258 4306 29
