2982 4682
1232 345 1604 429 TOPICA,
1649 344 1714 411 8.
2399 346 2528 420 531

412 467 697 551 tudine,
719 488 885 537 cum
906 464 1215 563 quadam
1238 466 1606 537 suavitate.
1631 466 1776 539 Sed
1802 491 1938 563 ego
1953 492 1996 539 a
2023 472 2276 541 vestris
2303 490 2542 545 exem·-

408 576 582 675 plis,
644 579 780 649 nisi
834 580 1233 649 necessario
1255 632 1275 661 ‚
1338 602 1487 647 non
1551 577 1900 649 recedam.
1963 580 2254 652 Solebat
2318 583 2541 681 igitur

407 686 799 784 Aquillius,
840 687 1113 783 collega
1148 702 1222 775 et
1256 687 1618 758 familiaris
1655 684 1858 759 meus
1881 742 1900 777 ,
1945 713 2174 784 quum
2207 690 2298 761 de
2331 691 2544 763 litori-

408 796 547 869 bus
572 812 929 895 ageretur,
968 822 1129 894 quae
1158 799 1396 867 omnia
1430 798 1722 895 publica
1751 822 1904 869 esse
1939 798 2154 868 vultis
2174 852 2194 883 ‚
2221 824 2542 895 quaereu-

406 906 599 978 tibus
648 909 775 997 iis,
820 906 907 979 ad
946 932 1131 1004 quos
1159 906 1232 977 id
1270 908 1720 1005 pertinebat,
1760 908 1936 1007 quid
1976 923 2158 979 esset
2197 910 2394 995 litus,
2441 912 2540 981 ita

405 1015 707 1089 definire
729 1073 748 1105 ,
779 1047 813 1083 <t
843 1043 989 1114 qua
1018 1016 1281 1088 fluctus
1310 1018 1681 1090 eludereto
1711 1048 1784 1090 »ε
1817 1018 1958 1090 hoc
1995 1034 2138 1107 est,
2172 1021 2374 1115 quasi
2412 1026 2538 1115 qui

401 1126 999 1199 «adolescentiam
1026 1182 1047 1213 ,
1082 1126 1340 1198 florem
1378 1132 1638 1211 aetatis;
1685 1144 2163 1215 senectutem,
2201 1152 2536 1201 occasum

404 1238 647 1325 vitae»,
680 1239 853 1309 velit
894 1236 1195 1309 definire
1214 1265 1241 1306 ,ε
1288 1239 1754 1309 translatione
1801 1254 2014 1309 utens
2047 1236 2461 1310 discedebat
2497 1264 2538 1309 a

402 1345 637 1417 verbis
659 1349 969 1445 propriis
1002 1372 1243 1418 rerum
1270 1372 1353 1419 ac
1379 1350 1548 1419 suis.
1580 1348 1798 1439 Quod
1825 1348 1914 1420 ad
1951 1347 2404 1421 definitiones
2437 1364 2536 1421 at-

404 1458 621 1544 tinet,
666 1457 1051 1541 hactenus3
1096 1458 1377 1555 reliqua
1415 1457 1802 1529 videamus.

498 1570 693 1637 VIII.
764 1566 981 1663 (vm.)
1034 1569 1425 1640 Partitione
1454 1580 1475 1610 ¹
1532 1583 1776 1639 autem
1825 1570 1926 1641 sic
1975 1568 2330 1640 utendum
2387 1585 2536 1653 est,

400 1676 674 1747 nullam
700 1691 781 1747 ut
810 1692 1083 1772 partem
1116 1678 1512 1775 relinquas;
1545 1690 1660 1763 ut,
1687 1678 1744 1747 si
1771 1682 2022 1774 partiri
2045 1666 2218 1749 (telis
2247 1679 2529 1763 tutelas,

400 1788 785 1857 inscienter
822 1785 1036 1856 facias
1057 1840 1076 1873 ,
1108 1788 1166 1858 si
1198 1786 1415 1858 ullam
1452 1789 1976 1891 praetermittas,
2019 1790 2112 1857 At
2143 1790 2200 1858 si
2233 1786 2532 1884 stipula-

400 1900 684 1967 tionum
722 1911 846 1966 aut
876 1894 1317 1991 judiciorum
1354 1896 1698 1967 formulas
1736 1900 2066 1994 partiare,
2103 1922 2254 1969 nou
2287 1913 2396 1969 est
2421 1900 2531 1970 vi-

402 2007 697 2091 tiosum,
756 2007 835 2075 in
886 2030 967 2075 re
1015 2005 1299 2076 infinita
1346 2009 1890 2103 praetermittere
1950 2006 2242 2103 aliquid.
2311 2010 2530 2099 Quod

396 2114 589 2188 idem
610 2117 687 2186 in
724 2112 1078 2186 divisione
1106 2119 1441 2186 vitiosum
1474 2130 1600 2203 est.
1629 2120 2046 2217 Formarum
2067 2117 2262 2187 enim
2289 2132 2528 2189 certus

394 2242 503 2298 est
549 2248 931 2314 numerus,
982 2250 1144 2323 quae
1192 2228 1457 2325 cuique
1502 2228 1747 2325 generi
1789 2228 2310 2323 subjiciantur:
2359 2252 2526 2324 par-

394 2338 577 2412 tium
604 2337 1017 2410 distributio
1044 2363 1232 2436 saepe
1263 2353 1369 2410 est
1401 2336 1776 2425 infinitior,
1807 2353 2172 2434 tamquam
2205 2336 2526 2408 rivorum

394 2475 435 2520 a
481 2450 683 2522 sonte
732 2450 1095 2522 deducti0.
1143 2454 1393 2546 Itaque
1430 2451 1506 2520 iu
1561 2450 1934 2520 oratoriis²
1979 2448 2258 2519 artibus
2281 2499 2303 2535 ‚
2337 2471 2528 2544 quae·

390 2563 645 2633 stionis
679 2586 943 2659 genere
976 2563 1391 2658 proposito,
1428 2576 1612 2658 quot
1648 2561 1804 2656 ejus
1841 2558 2087 2630 formae
2124 2560 2308 2646 sint,
2350 2557 2524 2628 sub-

390 2674 714 2771 jungitur
748 2671 1076 2743 absolute
1106 2697 1121 2742 :
1156 2686 1228 2742 at
1268 2696 1500 2768 quum
1536 2671 1628 2744 de
1653 2673 2096 2744 ornamentis
2131 2667 2524 2740 verborum

390 2780 1061 2874 sententiarumque
1104 2779 1543 2876 praecipitur,
1579 2801 1743 2873 quae
1783 2790 2135 2846 vocantur
2181 2781 2477 2870 σχήματα
2501 2829 2518 2862 ,

1621 2882 1644 2914 ἦ

463 2996 514 3044 9,
532 2980 723 3028 nucem
738 2979 971 3028 eludaeret.
985 2981 1143 3028 Turn.
1162 2989 1214 3028 et
1238 2978 1405 3027 lamb.
1493 2977 1681 3042 aliquas
1711 2977 1936 3026 omittere
1958 2977 2190 3028 vitiosum
2211 2986 2302 3026 est.
2333 2977 2518 3027 Faus-r.

390 3075 421 3106 e
446 3059 598 3118 MSS,
632 3057 893 3106 alluderet.
918 3059 1033 3106 vid.
1060 3059 1198 3108 Clav.
1222 3059 1275 3106 in
1304 3059 1406 3106 elu-
1571 3073 1618 3106 a.
1647 3061 1822 3122 Itaque
1855 3055 1906 3104 in
1939 3056 2182 3106 oratoriis.
2217 3058 2514 3108 Sententiam

388 3137 523 3186 dere.
558 3138 692 3185 Ante
726 3135 783 3183 id
804 3135 988 3184 omittit
1018 3137 1111 3184 ΜΘ
1134 3137 1197 3183 V.
1214 3146 1265 3184 et
1284 3137 1401 3185 edit.
1491 3135 1722 3200 exemplo
1751 3135 1930 3200 probat
1957 3134 2148 3186 Cicero.
2186 3139 2242 3184 Iu
2270 3149 2372 3186 arte
2401 3153 2510 3186 ora-

390 3217 516 3266 Veu.
540 3215 717 3282 «quod
732 3215 785 3264 fl.
802 3215 901 3263 el.»
920 3216 1050 3264 Ean.
1490 3215 1616 3264 toria
1669 3215 1952 3279 quaestionis
1993 3230 2146 3280 genus
2193 3215 2510 3266 dividendum

458 3297 594 3345 vm.
628 3313 648 3344 ι
662 3332 673 3344 .
700 3293 983 3344 Ραηίἅοησ.
1010 3293 1115 3342 Etsi
1144 3294 1225 3341 vix
1253 3293 1403 3358 quid·
1489 3305 1796 3360 proponatur
1839 3307 1852 3340 :
1897 3294 2034 3344 nefas
2083 3295 2176 3344 erit
2224 3295 2300 3344 vel
2353 3312 2508 3344 unuin

387 3392 533 3442 quam
558 3388 631 3424 eat
656 3375 947 3424 discriminis
981 3373 1293 3440 partitionem
1320 3375 1399 3422 in·
1488 3376 1753 3438 preterire.
1801 3374 2074 3422 Dicendum
2119 3375 2212 3424 erit
2261 3375 2506 3440 triplicem

388 3468 463 3506 ter
480 3473 538 3504 ac
560 3455 847 3504 divisionem
860 3487 877 3513 ‚
902 3453 1130 3502 nonnihil
1146 3461 1307 3500 tamen
1322 3451 1405 3500 hic
1488 3469 1592 3502 esse
1611 3453 1894 3518 quastionis
1913 3463 2090 3502 statum
2111 3466 2124 3500 :
2153 3455 2362 3518 primum
2385 3471 2510 3504 con·

385 3551 449 3585 ex
508 3537 758 3584 rhetorum
808 3531 1201 3584 institutionibus
1252 3531 1405 3580 tradit
1482 3534 1711 3594 jectum,
1735 3533 1938 3582 alterum
1967 3531 2287 3594 definitionis,
2309 3534 2508 3582 tertium

384 3615 593 3664 Tullius.
632 3615 947 3662 Par-titionem
974 3613 1081 3660 vult
1116 3627 1217 3659 esse
1248 3612 1401 3660 totius
1489 3611 1668 3660 deinde
1707 3611 1970 3676 qualitatis.
2005 3614 2076 3660 At
2110 3612 2154 3658 si
2192 3613 2504 3666 recensendis

386 3697 435 3743 in
468 3705 629 3759 partes
647 3731 661 3756 ,
692 3693 977 3742 divisione·
1008 3693 1194 3756 generis
1224 3691 1277 3740 iu
1302 3691 1401 3740 for·
1489 3691 1778 3739 elocutionis
1799 3689 2070 3739 luminibus
2094 3705 2152 3738 ac
2169 3689 2336 3753 figuris
2354 3693 2506 3754 parti·

384 3790 502 3821 mas.
537 3775 703 3836 Quum
730 3784 887 3821 totum
908 3771 1121 3821 infinitas
1137 3770 1403 3834 aliquando
1490 3770 1672 3818 tionem
1693 3769 1906 3818 volueris
1919 3768 2176 3829 adhibere,
2205 3783 2308 3818 uon
2327 3781 2399 3818 est
2415 3787 2506 3818 ne·

384 3864 545 3917 partes
569 3853 761 3911 habeat,
780 3853 832 3900 in
858 3853 1121 3916 partitione
1144 3852 1305 3899 minus
1326 3852 1401 3897 iu·
1490 3865 1622 3900 cesse
1671 3849 1859 3914 singula
1905 3859 2012 3898 tum
2054 3847 2311 3896 verborum
2329 3885 2344 3909 ,
2399 3860 2504 3898 tum

382 3933 543 3996 signes
568 3933 791 3981 omittere
818 3947 923 3980 uon
948 3941 1021 3980 est
1050 3932 1303 3980 vitiosum.
1334 3932 1406 3978 At
1490 3931 1836 3978 sententiarum
1888 3938 2173 3976 ornamenta
2221 3929 2452 3991 persequi
2493 3946 2512 3982 2

384 4029 536 4078 quum
567 4022 729 4060 certus
754 4012 817 4059 sit
850 4013 1113 4059 formarum
1147 4025 1405 4070 numerus,
1493 4007 1592 4058 hoc
1614 4008 1744 4057 enim
1767 4005 2015 4056 infinitum
2039 4007 2166 4054 soret
2194 4020 2209 4053 z
2241 4004 2510 4060 illustriora

384 4109 495 4160 quae
520 4090 683 4158 generi
705 4088 1025 4150 subiieiantur
1056 4089 1108 4140 in
1132 4089 1374 4138 divisione
1388 4123 1403 4148 ,
1493 4088 1609 4137 satis
1630 4097 1702 4136 est
1721 4103 2014 4136 eumuerare.
2037 4089 2222 4136 Paua-r.

2129 4176 2240 4260 34.
