2982 4682
480 368 611 439 532
1149 369 1243 435 M.
1298 368 1375 433 T.
1430 364 1918 435 CICERONIS

477 516 629 561 non
649 488 731 559 fit
750 486 1111 561 idem.Res
1138 488 1331 559 enim
1368 502 1475 558 est
1501 485 1885 572 infinitior3
1921 500 2005 555 ut
2035 511 2125 556 ex
2153 484 2292 557 hoc
2311 510 2606 586 quoque

478 599 941 695 intelligatur,
978 596 1156 693 quid
1178 593 1207 640 3
1251 597 1552 667 velimus
1593 600 1782 667 inter
1819 597 2274 694 partitionem
2317 613 2390 669 et
2427 597 2605 669 divi-

480 712 754 781 sionem
810 710 1175 779 interesse.
1216 700 1676 803 Quamquam
1729 708 1920 777 enim
1979 705 2327 777 vocabula
2376 731 2606 805 prope

476 818 669 891 idem
712 818 947 888 valere
986 817 1367 887 videantur
1409 844 1425 887 ε
1464 832 1740 904 tamen,
1780 818 1948 912 quia
1987 840 2102 887 res
2143 814 2608 901 differebant,

480 934 773 1001 nomina
817 951 1057 998 rerum
1105 925 1367 997 distare
1400 927 1808 997 voluerunt.

574 1039 734 1136 (ιχ.)
760 1038 990 1109 Multa
1022 1042 1239 1109 etiam
1269 1062 1355 1109 ex
1390 1040 1762 1107 notatione
1797 1050 2201 1106 sumuntur.
2240 1040 2338 1106 Ea
2363 1048 2470 1107 est
2491 1058 2610 1107 au-

478 1166 653 1239 tem,
681 1172 906 1245 quum
936 1174 1023 1219 ex
1048 1148 1118 1216 vi
1146 1148 1459 1217 nominis
1493 1160 1994 1242 argumentum
2032 1145 2358 1217 elicitur:
2389 1167 2606 1240 quam

478 1257 705 1327 Graeci
743 1259 1141 1351 ἐτυμολογίαν
1194 1268 1491 1335 vocant,
1549 1252 1623 1324 id
1663 1266 1806 1339 est,
1863 1249 2162 1322 verbum
2209 1274 2300 1323 ex
2340 1248 2606 1331 verb0,

475 1364 955 1460 veriloquium
1002 1388 1019 1430 z
1073 1386 1207 1432 nos
1260 1377 1502 1433 autem
1548 1359 2184 1433 novitatem-verbi
2239 1385 2389 1431 non
2440 1361 2610 1431 satis

475 1479 621 1573 apti
649 1473 1004 1570 fugientes
1020 1527 1038 1557 ,
1056 1496 1282 1567 genus
1306 1472 1448 1543 hoc
1463 1473 1912 1544 notationem
1937 1471 2412 1569 appellamus,
2437 1471 2606 1567 quia

473 1599 645 1659 sunt
677 1582 895 1653 verba
938 1606 1179 1653 rerum
1222 1598 1432 1653 notae.
1479 1587 1732 1680 Itaque
1775 1583 1918 1654 hoe
1969 1583 2156 1656 idem
2191 1581 2608 1652 Aristoteles

477 1688 779 1787 σῦμὸολον
814 1681 1165 1785 appellat,
1197 1688 1397 1784 quod
1435 1688 1654 1759 latine
1687 1703 1796 1760 est
1835 1702 2025 1759 nota.
2067 1686 2204 1759 Sed
2243 1711 2470 1785 quum
2510 1688 2610 1757 iu—

470 1800 835 1895 telligitur,
874 1798 1049 1894 quid
1079 1796 1538 1895 significetur,
1577 1799 1814 1869 minus
1851 1796 2324 1869 laborandum
2373 1812 2482 1868 est
2512 1795 2604 1867 de

476 1912 793 1983 nomine.
833 1908 1062 1979 Multa
1099 1910 1317 2005 igitur
1350 1910 1425 1979 in
1448 1908 1884 2005 disputando
1912 1912 2283 1979 notatione
2320 1908 2610 1987 eliciun-

477 2036 597 2091 tur
609 2046 697 2091 ex
718 2018 987 2090 verbo:
1014 2032 1362 2115 ut,quum
1392 2020 1761 2115 quaeritur,
1788 2019 2350 2089 «Postliminium
2369 2048 2400 2083 n
2429 2016 2606 2114 quid

479 2133 570 2203 sit
601 2130 801 2227 (non
842 2128 1071 2214 diem,
1108 2154 1271 2234 quae
1308 2130 1450 2199 sint
1489 2128 2150 2225 postliminii3'nam
2197 2128 2270 2198 id
2321 2128 2610 2201 caderet

476 2244 549 2311 in
581 2239 1005 2310 divisionem
1030 2290 1049 2323 ,
1068 2263 1227 2334 quae
1252 2238 1411 2308 talis
1430 2252 1537 2309 est
1567 2264 1582 2305 :
1617 2238 2056 2334 postliminio
2085 2236 2392 2308 redeunt
2423 2238 2608 2323 haec,

476 2353 732 2440 homo,
784 2351 1021 2436 navis,
1058 2349 1299 2422 mulus
1345 2349 1788 2432 clitellariuS,
1850 2373 2118 2445 equus,
2174 2373 2395 2445 equa,
2445 2375 2610 2446 quae

468 2461 672 2533 frena
704 2461 1023 2555 recipere
1060 2458 1281 2550 solet)
1317 2485 1332 2526 :
1374 2457 1501 2530 sed
1531 2483 1761 2554 quum
1788 2459 2012 2556 ipsius
2050 2459 2470 2557 postliminii
2503 2463 2609 2536 vis

470 2559 881 2669 quaeritur5,
919 2584 991 2640 et
1014 2567 1327 2640 'verbum
1373 2570 1614 2665 ipsum
1652 2583 1968 2640 notatur.
2013 2573 2094 2638 In
2142 2595 2293 2666 quo
2323 2571 2608 2641 Servius

474 2694 763 2764 noster,
812 2693 894 2748 ut
948 2680 1244 2775 opinor,
1285 2677 1461 2748 nihil
1505 2693 1711 2776 putat
1762 2703 1914 2748 esse
1958 2677 2426 2766 notandumss,
2471 2682 2610 2752 nisi

475 2804 782 2890 «post»;
826 2802 897 2858 et
932 2787 1394 2858 «liminium»
1417 2786 1595 2859 illud
1632 2787 2191 2894 productionem
2221 2813 2375 2862 esse
2404 2790 2606 2862 verbi

549 2931 597 2977 3.
624 2928 762 2993 Quid
782 2925 1010 2974 velimm.
1030 2927 1109 2973 Sic
1135 2927 1225 2974 MS
1242 2961 1257 2985 ,
1278 2927 1489 2976 ed.Ven.

472 3020 631 3066 reete,
662 3018 717 3054 ut
735 3005 920 3054 dudum
941 3019 1304 3054 correxeramus
1326 3021 1338 3054 τ
1368 3005 1491 3054 mle

1655 2925 1704 2976 5.
1729 2926 1945 2977 Postlim.
1982 2927 2063 2974 vis
2089 2929 2339 2991 quaeritnr.
2368 2930 2448 2978 Sic
2481 2947 2508 2978 a
2527 2933 2608 2992 iu-

1581 3004 1883 3054 risconsulto
1921 3005 2092 3054 Paullo
2129 3005 2386 3066 definitur,
2419 3009 2606 3074 Digest.

468 3088 620 3151 vulgo
647 3085 795 3150 quod.
828 3085 958 3132 Eme.

546 3174 593 3222 4.
615 3166 728 3214 Non
764 3163 895 3210 dico.
911 3163 1101 3212 ..solea
1133 3165 1227 3213 Hie
1257 3175 1390 3212 totus
1413 3163 1496 3212 lo-

478 3261 565 3296 en·
603 3255 687 3299 ,est
731 3242 785 3290 in
824 3241 1103 3306 parenthesi
1138 3244 1491 3307 accipiendus:

474 3325 592 3373 aliae
636 3339 737 3371 non
777 3322 989 3369 cohaeret
1026 3323 1187 3371 oratio
1223 3337 1237 3371 :
1274 3323 1327 3369 in
1367 3323 1494 3370 MSS

473 3403 693 3469 quaednm
717 3402 799 3450 hie
825 3403 999 3450 omissa
1024 3414 1156 3450 sunt.
1184 3401 1494 3465 Deprehendi

470 3492 662 3550 poterat
683 3481 987 3546 parenthesi·
1009 3481 1173 3528 verbis
1199 3503 1219 3523 ιι
1240 3479 1323 3528 sed
1342 3497 1491 3543 quum

472 3563 624 3628 ipsius
641 3561 859 3628 pmtlim.
885 3561 959 3607 vie
984 3561 1279 3623 quaritur»,
1308 3560 1359 3607 in
1383 3563 1491 3623 qui-

470 3643 565 3691 bus
588 3644 801 3706 primum
818 3640 908 3686 sed
924 3649 995 3686 est
1014 3651 1132 3686 nota
1155 3639 1491 3702 parentheseoe

468 3723 685 3771 eleusae:
720 3718 897 3767 deinde
940 3717 1175 3782 repetitur
1215 3719 1352 3782 quod
1389 3730 1495 3766 erat

469 3813 582 3850 ante
598 3797 907 3866 parenthesin
928 3795 1036 3846 aliie
1059 3796 1277 3861 paullum
1294 3799 1453 3845 verbis
1475 3817 1487 3844 :

476 3903 498 3924 ι
518 3897 671 3945 quum
696 3877 949 3942 quaeritnr,
985 3877 1343 3942 postliminium
1369 3876 1491 3940 quid

468 3963 555 4008 eit.
572 3973 773 4021 ..quum
800 3956 952 4020 ipeiue
980 3955 1195 4020 pontum.
1214 3956 1287 4002 vis
1312 3955 1489 4019 quaeri-

470 4048 549 4083 tur
568 4059 613 4083 ιι.
653 4037 718 4084 Et
758 4047 916 4082 tamen
955 4035 1254 4098 parenthesis
1290 4049 1393 4082 non
1418 4045 1494 4084 eet

464 4113 808 4161 animadversa.
836 4115 963 4161 Eun.

1580 3085 1778 3143 xux,
1823 3087 1913 3146 15,
1943 3101 2039 3148 19:
2079 3087 2205 3134 «Jnn
2229 3089 2413 3136 amissa
2435 3089 2504 3136 rei
2529 3103 2608 3136 re·

1583 3161 1820 3226 eipiendae
1851 3155 1912 3210 ah
1954 3175 2212 3223 extraneo,
2250 3177 2298 3212 et
2337 3168 2391 3214 in
2424 3177 2606 3216 statum

1584 3242 1840 3305 pristinum
1875 3243 2214 3302 restituenda,
2259 3245 2386 3292 inter
2419 3261 2509 3294 nos
2547 3264 2607 3295 ue

1581 3321 1766 3370 liberos
1808 3321 2024 3386 populos
2058 3337 2320 3386 regesque,
2357 3325 2602 3386 moribus,

1583 3398 1772 3464 legibus
1839 3399 2162 3448 constitutum
2179 3423 2221 3448 n.
2263 3402 2439 3450 Eadem
2505 3405 2608 3452 sere

1582 3497 1692 3544 quae
1717 3478 1799 3526 hio
1827 3481 2010 3527 Noster
2039 3479 2233 3529 disserit
2250 3517 2264 3543 ,
2307 3482 2524 3531 invenias
2549 3485 2608 3533 in

1581 3559 1741 3606 Iustit.
1765 3561 1951 3608 sustin.
1973 3562 2025 3618 1,
2055 3573 2116 3607 η
2132 3595 2147 3620 ,
2183 3562 2230 3609 5.
2249 3563 2538 3610 Heineeeius
2555 3575 2608 3612 et

1581 3638 1849 3686 Boea-hard
1881 3638 2030 3686 verbo
2067 3639 2417 3703 postliminium
2461 3641 2606 3690 aliam

1580 3717 1815 3781 originem
1836 3719 2084 3779 tribuunt,
2105 3731 2304 3766 anctore
2324 3720 2608 3782 Plutarcho,

1579 3799 1762 3859 Quaest.
1779 3799 1996 3856 Rom.V,
2011 3797 2094 3846 sed
2106 3797 2580 3862 minus'probnbilem
2589 3837 2605 3850 .

1579 3903 1650 3912 —-
1681 3877 1869 3924 Servius
1901 3887 2082 3926 noster.
2127 3878 2321 3924 Servius
2359 3879 2611 3944 Sulpicius

1580 3955 1767 4014 Rufus,
1793 3971 1894 4003 eos.
1915 3973 1959 4005 a.
1975 3957 2037 4004 U.
2057 3971 2182 4016 702,
2209 3957 2270 4004 de
2292 3958 2431 4019 eujus
2452 3959 2608 4019 juris-

1582 4035 1753 4098 periti:
1775 4033 1857 4081 adi
1880 4035 2018 4082 Brut.
2049 4044 2132 4091 40.
2150 4035 2321 4083 Wrrz.

1655 4113 1711 4160 6.
1739 4109 1880 4160 Nihil
1891 4123 2035 4177 putat
2061 4129 2160 4162 esse
2187 4113 2475 4164 notandum.
2503 4117 2608 4164 Ex-
