2982 4682
473 357 615 446 454
1160 365 1258 434 Μ.
1312 365 1390 430 Τ.
1442 363 1926 442 CICERONIS

478 482 1011 580 comparatione
1026 472 1081 568 ⁵,
1118 496 1189 553 et
1219 507 1309 554 ex
1338 484 1690 559 relatione
1723 483 2042 557 criminis
2071 487 2149 554 in
2179 482 2368 556 hane
2403 507 2598 580 quo-

478 615 622 686 que
662 615 945 662 causam
992 595 1376 664 convenire
1418 607 1787 691 poterunt.

574 704 965 771 Accusator
993 716 1233 772 autem
1272 700 1474 772 illum
1493 755 1514 788 ‚
1551 703 1755 794 cujus
1781 700 1992 798 culpa
2029 699 2098 770 id
2129 697 2398 772 factum
2429 722 2604 773 reus

480 809 705 898 dicet,
741 811 1055 906 primum
1094 809 1472 900 defendet,
1517 816 1576 882 si
1613 815 1922 909 poterit3
1974 813 2368 881 siu-minus
2393 823 2600 907 pote·

481 920 575 988 rit
592 916 648 1004 ⁶,
672 919 995 1014 negabit,
1020 919 1109 1018 ad
1133 919 1272 991 hoc
1292 920 1644 1015 judicium
1661 973 1681 1004 ‚
1707 919 1926 1000 illius,
1953 917 2077 990 sed
2095 917 2312 1012 hujus
2331 971 2350 1004 ‚
2375 941 2598 1014 quem

422 1067 427 1080 ·
476 1030 631 1125 ipse
679 1039 1032 1116 accusem,
1079 1029 1365 1128 culpam
1418 1019 1798 1127 pertinere.
1859 1033 2109 1100 Postea
2167 1027 2395 1115 dicet,
2463 1049 2606 1100 suo

484 1162 855 1235 quemque
888 1136 1132 1210 officio
1162 1138 1540 1214 consulere
1564 1143 1952 1234 ‘oporteret
1995 1161 2130 1210 nec
2153 1187 2173 1224 ‚
2205 1138 2264 1206 si
2293 1135 2412 1209 ille
2439 1159 2608 1232 pec-

484 1260 707 1318 casset
729 1300 747 1333 ‚
799 1246 996 1318 hunc
1044 1249 1449 1343 oportuisse
1486 1271 1816 1345 peccare;
1854 1244 2144 1330 deinde,
2181 1246 2242 1316 si
2276 1244 2392 1314 ille
2425 1242 2602 1316 deii-

482 1358 766 1452 querit,
806 1357 1183 1452 separatim
1236 1355 1477 1444 illum,
1525 1361 1708 1428 sicut
1758 1354 1990 1441 hunc,
2029 1355 2344 1430 accusari
2381 1377 2602 1449 opor·

484 1483 671 1548 tere,
720 1478 821 1534 et‘
855 1489 1004 1534 non
1058 1489 1223 1536 cum
1273 1465 1487 1559 hujus
1529 1463 1952 1540 defensione
2013 1466 2356 1560 conjungi
2409 1463 2604 1534 illius

481 1587 1034 1650 accusationem.

580 1678 933 1752 Defensor
974 1695 1215 1755 autem
1262 1706 1485 1778 quum
1529 1680 1796 1770 cetera,
1831 1684 1892 1752 si
1927 1707 2068 1778 qua
2105 1708 2196 1754 ex
2238 1681 2392 1754 aliis
2423 1683 2600 1752 inei-

485 1789 662 1860 dent
690 1791 1361 1874 constitutionibus,
1394 1793 1884 1889 pertractarit3
1907 1790 2004 1864 de
2019 1795 2170 1888 ipsa
2197 1792 2608 1862 remotione

480 1899 585 1971 sie
620 1901 1265 1995 argumentabitur.
1320 1904 1678 1989 Primum,
1733 1903 1936 1996 cujus
1977 1899 2310 1976 acciderit
2351 1901 2604 1998 culpa,

484 2006 1039 2098 demonstrabit3
1076 2010 1377 2101 deinde,
1429 2037 1656 2108 quum
1689 2009 1760 2082 id
1797 2012 2030 2084 aliena
2067 2011 2278 2108 culpa
2315 2009 2607 2082 accidis-

484 2131 629 2204 set,
667 2117 1031 2205 ostendet‚
1082 2145 1157 2190 se
1194 2135 1316 2192 aut
1350 2145 1500 2194 non
1533 2123 1890 2218 potuisse,
1943 2134 2236 2190 autnon
2269 2117 2610 2192 debuisse

484 2225 556 2296 id
590 2225 853 2316 facere,
886 2229 1087 2325 quod
1112 2245 1484 2302 accusator
1511 2231 1699 2302 dicat
1728 2234 2133 2328 oportuisse
2160 2259 2179 2300 t
2223 2226 2424 2326 quod
2455 2253 2606 2298 non

483 2339 804 2432 potuerit
824 2392 850 2423 ‚
880 2364 968 2409 ex
1002 2339 1321 2411 utilitatis
1348 2337 1711 2438 partibus,
1742 2344 1816 2411 in
1852 2337 2122 2435 quibus
2155 2352 2261 2409 est
2293 2337 2604 2409 necessi-

488 2444 757 2517 tudinis
798 2449 903 2518 vis
938 2444 1393 2546 implicata83
1434 2448 1632 2545 quod
1672 2474 1820 2520 non
1857 2447 2226 2536 debuerit,
2265 2474 2354 2519 ex
2385 2447 2606 2517 hone·

482 2570 661 2627 state
693 2556 1288 2629 considerabitur.
1342 2561 1451 2630 De
1505 2572 1818 2655 utroque
1873 2559 2272 2630 distinctius
2311 2560 2390 2628 in
2425 2556 2606 2627 deli-

479 2663 803 2737 berativo
834 2693 1095 2766 genere
1134 2668 1435 2741 dicetur.
1487 2668 1768 2741 Deinde
1813 2671 2054 2741 omnia
2098 2667 2282 2739 facta
2323 2692 2474 2738 esse
2513 2664 2610 2739 ab

481 2800 653 2857 reo,
698 2802 856 2873 quae
902 2780 981 2849 in
1030 2780 1253 2875 ipsius
1309 2777 1581 2850 fuerint
1628 2794 2019 2877 potestate3
2074 2778 2272 2875 quod
2324 2778 2608 2863 minus,

484 2909 703 2979 quam
752 2892 1208 2972 convenerit,
1236 2887 1504 2959 facturn
1551 2892 1676 2975 sit,
1730 2889 1942 2987 culpa
1975 2889 2048 2959 id
2085 2888 2379 2959 alterius
2425 2890 2604 2958 aeci·

483 2994 691 3066 disse.
712 2998 989 3068 Deinde
1012 2999 1087 3067 in
1108 2998 1397 3069 alterius
1418 2998 1633 3095 eulpa
1665 2998 2095 3097 exponenda
2115 2998 2614 3069 demonstran-

482 3103 659 3174 dum
697 3120 834 3194 est,
881 3120 1235 3202 quantum
1272 3107 1664 3180 voluntatis
1702 3124 1775 3180 et
1803 3108 2019 3181 studii
2045 3106 2262 3181 fuerit
2297 3108 2374 3176 in
2410 3107 2610 3203 ipso:

481 3228 555 3285 et
596 3212 671 3283 id
722 3216 942 3313 signis
982 3215 1564 3290 confirmandum
1609 3218 2068 3313 hujusmodi3
2124 3240 2211 3289 ex
2237 3231 2474 3288 cetera
2503 3214 2613 3286 di-

479 3324 770 3421 ligentia
788 3379 807 3413 ‚
840 3349 930 3395 ex
954 3340 1122 3395 ante
1147 3324 1349 3397 factis
1370 3380 1389 3411 ‚
1430 3343 1553 3399 aut
1574 3327 1818 3415 dictis;
1851 3342 2070 3426 atque
2100 3326 2240 3397 hoc
2267 3329 2404 3422 ipsi
2433 3324 2616 3395 utile

478 3506 665 3555 Ernest.
683 3502 876 3565 videre,
898 3492 1003 3555 uon·
1018 3506 1182 3556 videti
1192 3542 1211 3568 ‚
1239 3518 1298 3557 ut
1318 3506 1496 3573 vulgo,
1666 3511 1713 3557 8.
1765 3510 1850 3557 Vis
1891 3508 2151 3573 implicata.
2197 3508 2368 3555 Delevi
2405 3505 2611 3555 verbnm

478 3584 787 3634 scribendum
816 3602 935 3635 esse.
962 3586 1076 3636 Seu.
1591 3587 1952 3649 demonstravit,
1967 3588 2104 3653 quod
2123 3586 2202 3635 hic
2225 3584 2496 3633 addebatur
2520 3600 2608 3632 au·

550 3666 598 3713 5.
630 3666 697 3712 Et
715 3681 779 3711 ex
806 3664 1186 3729 comparatione.
1222 3664 1409 3714 Addidi
1441 3678 1493 3713 ot
1589 3668 1808 3717 etoribus
1827 3666 2130 3727 libris-bonis
2149 3665 2282 3729 apud
2295 3664 2426 3713 Oud.
2442 3660 2610 3712 Intell.

472 3760 501 3789 e
528 3742 651 3790 MSS
670 3743 785 3792 Em.
808 3741 1004 3791 Lallem.
1025 3746 1224 3793 omittit.
1591 3763 1617 3794 ο
1635 3747 1967 3811 superioribus
1995 3745 2217 3793 ostendet
2235 3760 2253 3791 .·
2288 3758 2428 3790 eausa
2461 3744 2610 3789 inter·

546 3822 596 3870 6.
619 3820 703 3869 Sin
731 3820 887 3869 minus
898 3822 1101 3887 poterit.
1122 3821 1337 3871 Verbum
1358 3820 1496 3871 addi·
1591 3822 1857 3887 polationis
1908 3824 2028 3882 suit,
2095 3838 2241 3887 quam
2294 3837 2422 3884 sepe
2479 3819 2606 3867 dixi.

479 3900 551 3946 dit
578 3902 848 3949 Ernestius.
1589 3904 1804 3951 Enna-r.
1829 3930 1901 3940 —-
1935 3899 2308 3949 Demonstravit.
2332 3902 2366 3948 J
2369 3916 2445 3947 am
2472 3900 2610 3945 Lam-

548 3996 592 4037 7.
622 3982 733 4041 Ipse
758 3990 963 4027 accuset.
987 3982 1175 4027 Ernest.
1200 3978 1384 4026 mavult
1410 3978 1498 4025 ab·
1585 3979 1732 4029 binus
1764 3980 2032 4039 deleverat,
2071 3990 2191 4028 teste
2221 3976 2473 4029 Schiitzio.
2499 3976 2608 4025 Lal-

474 4071 577 4115 esse
602 4074 895 4119 pronomen.
1586 4059 1696 4109 lem.
1723 4060 1945 4108 servavit.
