2982 4682
554 390 679 464 DE.
727 390 1082 463 op‘ruvco
1130 350 1518 461 GENERE'
1549 390 2102 479 oRATomJM,
2139 412 2200 487 7·
2304 393 2435 476 641

564 552 779 574 ......
798 518 936 574 Non
966 532 1211 591 spurcus
1242 512 1453 585 homo,
1480 510 1582 569 sed
1611 511 1816 570 doctus
1846 524 1906 571 et
1935 530 2089 583 acer,

555 612 705 667 Cum
736 604 1081 667 Pacideiano
1100 606 1149 653 ¹⁴
1174 605 1313 665 huic
1341 604 1732 685 componitur,
1761 604 2004 683 optimu'
2027 607 2196 685 longe

554 703 693 759 Post
723 698 988 758 homines
1018 711 1182 757 natos
1204 698 1252 738 ¹⁵
1266 739 1482 756 ......

318 860 514 933 Nihil
554 861 747 932 enim
790 858 915 931 illo
954 874 1243 931 oratore
1266 855 1329 905 ¹⁶
1372 857 1684 931 arbitror
1736 862 2037 956 cogitari
2082 883 2288 958 posse
2335 864 2440 935 di-

322 996 580 1043 vmnus.

417 1082 603 1152 Huic
643 1080 875 1151 labori
910 1094 1163 1151 nostro
1198 1078 1348 1150 duo
1378 1102 1646 1175 genera
1680 1078 2284 1177 reprehensorum
2314 1108 2448 1181 op-

323 1206 721 1290 ponuntur.
758 1195 1005 1262 Unum
1042 1189 1185 1261 hoc
1222 1217 1238 1258 ε
1294 1212 1552 1260 verum
1599 1186 1861 1260 melius
1899 1192 2148 1261 Graeci.
2195 1196 2256 1264 A
2299 1220 2452 1292 quo

322 1315 708 1398 quaeratur,
734 1300 999 1399 ecquid
1034 1300 1317 1399 possint
1343 1300 1483 1395 ipsi
1511 1298 1771 1370 melius
1793 1297 2063 1371 latine?
2090 1301 2448 1374 Alterum:

321 1412 520 1503 Quid
562 1414 728 1483 istas
765 1414 1011 1510 potius
1050 1410 1322 1507 legam,
1361 1432 1583 1505 quam
1621 1412 2014 1505 graecas¹⁷i>
2047 1410 2276 1483 Iidem
2309 1418 2454 1484 An-

324 1522 553 1593 driam
575 1538 651 1594 et
680 1520 1155 1621 Synephebos
1181 1548 1200 1607 3
1234 1544 1371 1591 nec
1402 1521 1649 1590 minus
1677 1521 2094 1592 Terentium
2133 1532 2208 1593 et
2241 1528 2456 1596 Caeci·

323 1632 532 1719 lium,
552 1656 769 1729 quam
799 1630 1281 1703 Menandrum
1310 1629 1566 1725 legunt
1587 1622 1670 1697 ¹⁸.
1703 1631 1852 1700 Nec
1879 1628 2454 1704 Andromacham

322 1742 567 1837 igitur,
610 1753 733 1809 aut
766 1744 1178 1837 Antiopam,
1225 1752 1353 1808 aut
1384 1740 1756 1841 Epigonos
1791 1737 2047 1810 latinos
2079 1743 2451 1839 recipiant.

327 1848 467 1921 Sed
506 1862 748 1919 tamen
794 1849 1109 1918 Ennium
1164 1860 1237 1918 et
1286 1846 1676 1917 Pacuvium
1727 1860 1800 1915 et
1857 1848 2133 1919 Attium
2177 1852 2455 1947 potiu5‚

326 1982 545 2056 quam
585 1956 1003 2055 Euripidem
1054 1970 1128 2027 et
1164 1954 1604 2054 Sophoclem
1647 1956 1915 2053 legunt.
1975 1957 2194 2046 Quod
2239 1962 2456 2058 igitur

327 2084 441 2142 est
466 2092 721 2140 eorum
746 2070 821 2139 in
846 2065 1301 2138 orationibus
1328 2091 1369 2139 e
1400 2090 1633 2164 graeco
1660 2067 2024 2138 conversis
2057 2065 2456 2161 fastidium,

328 2179 615 2251 nullum
664 2202 893 2277 quum
934 2178 1027 2249 sit
1060 2178 1135 2247 in
1173 2174 1556 2248 versibus?

421 2292 579 2362 VII.
618 2287 804 2387 (vn.)
840 2284 1510 2384 Sed-aggrediamur
1531 2287 1717 2382 jam,
1750 2285 1952 2384 quod
1975 2289 2457 2387 suscepimus,

328 2401 385 2470 si
432 2402 631 2497 prius
675 2398 1255 2497 exposuerimus,
1321 2417 1483 2494 quae
1536 2419 1744 2469 causa
1801 2399 1874 2468 in
1925 2397 2276 2492 judicium
2333 2397 2458 2476 de-

326 2634 469 2672 natoa
498 2621 738 2688 gladiator
764 2621 853 2685 qui
870 2620 965 2668 fuit
990 2621 1155 2668 unua?
1174 2635 1201 2660 κ
1219 2614 1349 2666 Vide

324 2704 473 2753 Tuae.
494 2703 553 2762 1,
575 2711 671 2762 24,
696 2712 747 2750 et
770 2699 835 2749 ad
868 2699 1042 2762 Quint.
1068 2701 1221 2744 Fratr.
1246 2698 1349 2755 111,

328 2791 379 2840 4.
405 2784 570 2830 Luna.

404 2867 487 2914 ιι.
510 2857 825 2906 Pacideiano.
848 2855 1049 2905 Schiits.
1070 2857 1189 2906 Bru.
1204 2853 1349 2902 Paei-

327 2937 499 2987 ᾰίωιο.

404 3017 486 3065 1⁵.
510 3017 635 3062 Post
656 3012 877 3062 homines
902 3022 1064 3060 natos.
1091 3007 1349 3060 Schiitziua

326 3094 519 3144 addidit
542 3091 691 3142 finem
716 3106 889 3140 veram
917 3105 980 3139 :e
1000 3088 1239 3153 gladiator
1260 3087 1347 3153 qui

328 3176 423 3224 fnit
446 3190 574 3223 unus
584 3195 625 3222 ο.

405 3253 485 3302 16.
513 3249 655 3300 Nihil
667 3249 797 3296 em'm
814 3247 899 3298 1’110
918 3258 1135 3306 oramre,
1154 3257 1249 3296 etc.
1267 3247 1349 3294 Διι

328 3347 447 3396 ergo
470 3329 581 3379 eolo
606 3327 866 3376 AEsehinei’
883 3327 1037 3375 immo
1063 3325 1161 3374 hoc
1180 3325 1349 3389 potina

329 3410 391 3460 de
426 3409 753 3460 Danosthene
794 3406 993 3456 dixerit.
1036 3406 1225 3468 Nempe
1251 3419 1352 3469 par

322 3489 660 3556 gladiatorum
676 3520 693 3546 ‚
733 3485 871 3550 qnod
914 3484 1107 3539 inducit
1142 3484 1319 3533 Cicero
1332 3517 1351 3544 ,

327 3579 403 3617 eat
422 3567 673 3616 AEachinee
696 3576 748 3614 et
768 3565 1141 3622 Demosthenen,
1168 3563 1349 3610 utrina-

328 3664 424 3711 que
461 3647 683 3696 oratione
723 3643 785 3693 de
809 3647 1005 3694 Corona
1030 3643 1178 3690 latine
1204 3641 1347 3692 facta.

330 3725 579 3774 Excidiaae
603 3723 828 3772 videatur
858 3739 1035 3772 nomen
1066 3719 1351 3770 Demoathe-

330 3805 407 3852 nia
424 3819 439 3854 ε
456 3827 482 3847 ιι
496 3803 747 3852 AEsehiue·
760 3835 879 3852 .....
914 3813 1059 3852 natos
1075 3813 1153 3851 :et
1170 3803 1349 3850 neno—

332 3882 523 3932 athenea
534 3905 579 3932 a.
608 3881 705 3932 Sed
730 3881 1080 3929 Demosthenen
1104 3879 1349 3928 indicatur

333 3963 526 4010 nomine
564 3961 841 4020 Pacidiam'.
860 3961 1070 4009 Videtur
1092 3958 1349 4024 legendum

330 4037 417 4086 5110
431 4040 565 4103 pari.
590 4041 719 4088 Ean.

410 4133 488 4178 ¹¹7·
506 4120 667 4183 Quam
690 4121 919 4182 graecu-³
938 4118 1095 4167 Iidem
1118 4118 1351 4167 Andriam

477 4215 532 4281 Ῑ.
586 4229 675 4276 Cic.
696 4243 807 4292 pm
824 4229 991 4290 priona.

1445 2654 1460 2669 .
1472 2648 1514 2668 0.
1550 2619 1800 2684 recipiam.
1820 2619 1900 2667 Sic
1920 2630 1995 2668 eat
2011 2621 2142 2685 apud
2163 2619 2458 2682 Victoriam,

1434 2697 1714 2746 manutium
1742 2708 1793 2746 et
1825 2700 2105 2748 Gruterum.
2124 2702 2318 2751 Rmeet.
2359 2703 2459 2752 vel-

1434 2777 1502 2824 let
1524 2787 1581 2825 ae
1598 2776 1744 2826 iidem
1781 2777 1911 2827 And.
1941 2788 1990 2825 et
2012 2777 2241 2842 rejiciunt
2263 2797 2358 2844 pro
2379 2797 2457 2829 re-

1433 2855 1648 2920 cipiant,
1667 2855 1721 2902 in
1741 2871 1842 2918 quo
1873 2855 1953 2904 ed.
1982 2857 2119 2906 Med.
2159 2857 2306 2908 habet
2333 2862 2458 2909 mei-

1426 2932 1604 2998 pium,-
1631 2934 1767 2997 vulg.
1779 2935 1908 2981 enim
1923 2935 2044 2983 male
2053 2935 2190 2984 coire
2203 2953 2314 2984 cum
2333 2954 2462 3002 pra·

1434 3010 1738 3060 cedentibus.
1765 3009 2019 3060 Schiitziua
2055 3013 2126 3061 sic
2150 3031 2261 3062 cum
2289 3017 2456 3066 lamb.

1432 3089 1600 3138 locum
1624 3091 2096 3154 constitum-‹qua-
2122 3097 2334 3155 graecaa?
2352 3096 2457 3144 Nec

1433 3169 1828 3218 Andromacham
1855 3172 2024 3235 igitur,
2050 3183 2135 3220 ant
2159 3175 2424 3240 Antiopam
2442 3212 2458 3234 ,

1433 3260 1520 3297 aut
1541 3251 1791 3314 Epigonos
1807 3249 1987 3298 latinos
2001 3251 2255 3316 recipiant.
2269 3253 2363 3302 Sed
2379 3266 2458 3303 ta·

1432 3345 1546 3376 men
1572 3329 1784 3376 Ennium
1811 3340 1860 3377 et
1887 3331 2169 3392 Pacuvium,
2198 3343 2246 3380 et
2264 3335 2458 3382 Attium

1433 3408 1600 3472 potins
1614 3443 1629 3468 ,
1641 3423 1786 3472 quam
1803 3409 2086 3474 Euripidem
2099 3421 2148 3459 et
2165 3413 2458 3476 Sophoclem

1432 3486 1621 3549 legunt.
1639 3485 1796 3536 Iidem
1807 3487 2042 3536 Andria·
2056 3498 2104 3536 et
2117 3489 2458 3554 Synepheboe,

1436 3579 1526 3612 nec
1571 3566 1732 3612 min-a
1771 3567 2057 3615 Terentiam
2099 3577 2148 3614 et
2203 3567 2456 3618 Caecilinm

1433 3657 1580 3706 quam
1605 3643 1929 3692 Menandru-
1955 3644 2140 3709 legunt.
2171 3647 2324 3708 Quod
2343 3649 2411 3712 ig.
2431 3671 2454 3692 ο

1511 3724 1592 3770 ¹8.
1618 3721 1775 3770 Iidem
1789 3757 1800 3770 .
1815 3757 1828 3770 .
1843 3756 1855 3769 .
1894 3725 2079 3788 legunt.
2102 3725 2287 3774 Eodem
2305 3728 2458 3776 modo

1436 3799 1546 3847 rm.
1574 3800 1598 3845 1
1615 3833 1630 3858 ,
1661 3815 1720 3858 a,
1749 3800 1922 3848 Cicero
1948 3802 2130 3850 refutat
2155 3819 2240 3850 eoa
2259 3805 2345 3868 qui
2363 3805 2460 3853 eibi

1434 3877 1799 3941 exprobrabant
1825 3879 1961 3942 qood
1984 3881 2266 3928 (ἔπεσσι-ιω
2294 3881 2458 3945 philo-

1435 3956 1704 4021 sophorum
1743 3973 1890 4022 opera
1933 3958 1984 4005 in
2011 3957 2208 4006 latinam
2241 3960 2457 4024 linguam

1438 4035 1806 4086 Μυσία-κε.-
1813 4034 2020 4094 Andria,
2039 4037 2255 4085 Terentii
2276 4053 2457 4086 comoe-

1442 4115 1522 4164 dia
1563 4124 1836 4178 super-atem
1875 4114 2142 4180 Synephebi
2153 4149 2171 4173 ,
2217 4116 2460 4166 comoedia

2081 4212 2158 4292 [μ
