2982 4682
479 344 623 418 230
1165 345 1266 414 Μ.
1315 347 1394 414 Τ.
1448 343 1935 416 CICERONIS

483 462 858 540 cultatesi».
884 466 1323 564 Hujusmodi
1351 468 1769 562 transjectio
1788 519 1807 552 ‚
1834 457 1995 562 q'uae
2019 487 2173 534 rem
2206 487 2361 534 non
2386 466 2627 540 reddit

475 579 902 662 obscuram,
941 577 1253 648 multum
1291 577 1619 676 proderit
1662 575 1753 646 ad
1789 576 2377 647 continuationes
2400 571 2489 665 ¹3,
2526 577 2617 649 de

474 689 746 789 quibus
783 702 950 758 ante
985 687 1262 760 dictum
1299 704 1409 760 est
1437 743 1458 774 ‚
1488 691 1563 758 in
1600 686 1869 786 quibus
1904 700 2199 784 oportet
2238 687 2453 758 verba
2482 691 2623 760 sint

477 799 570 870 ad
593 799 957 898 poeticum
997 798 1388 895 quemdam
1418 813 1779 870 exstructa
1817 821 2203 876 numerum
2225 796 2309 886 ¹⁴,
2346 813 2431 869 ut
2462 821 2621 896 per-

479 909 666 982 fecte
698 924 772 979 et
813 911 1368 1007 perpolitissime
1404 911 1687 1007 possint
1720 933 1877 979 esse
1908 906 2277 978 absolutae.

561 1024 904 1090 XXXIII.
951 1019 1265 1116 (xxxin.)
1317 1020 1769 1118 Superlatio²
1834 1034 1943 1090 est
1988 1021 2223 1088 oratio
2267 1043 2623 1116 superans

481 1131 896 1215 veritatem,
937 1128 1238 1224 alicujus
1283 1129 1646 1226 augendi²
1684 1127 2148 1199 minuendive
2184 1153 2415 1199 causa.
2450 1133 2619 1201 Haec

481 1242 797 1312 sumitur
825 1243 1208 1337 separatim
1237 1294 1256 1327 ‚
1287 1257 1412 1312 aut
1445 1265 1611 1312 cum
1636 1240 2201 1337 comparatione.
2228 1241 2625 1336 separatim

477 1354 582 1424 sic
639 1381 654 1422 :
702 1381 735 1415 α
772 1349 989 1442 Quod
1051 1353 1112 1422 si
1171 1351 1637 1424 concordiam
1703 1346 2227 1420 retinebimus-’⁶
2250 1403 2271 1430 ‚
2340 1350 2624 1448 imperii

479 1457 1052 1557 magnitudinem
1105 1460 1276 1532 solis
1331 1476 1501 1534 ortu
1556 1475 1777 1558 atque
1830 1483 2093 1530 occasu
2148 1460 2534 1530 metiemur
2562 1491 2619 1529 n.

481 1575 668 1643 Cum
721 1572 1300 1667 comparatione,
1345 1585 1472 1646 aut
1528 1597 1571 1642 a
1634 1567 2143 1655 similitudine,
2196 1583 2319 1640 aut
2360 1593 2401 1640 a
2444 1593 2623 1668 prae·

480 1681 740 1752 stantia
767 1678 1196 1778 [superlatio
1225 1685 1536 1753 sumitur
1548 1680 1625 1780 ⁴].
1656 1686 1713 1751 A
1742 1680 2210 1752 similitudine
2234 1681 2365 1751 sic:
2388 1711 2423 1746 α
2450 1685 2626 1750 Cor-

477 1812 656 1888 pore
713 1794 1006 1870 niveum
1075 1789 1506 1880 candorem,
1558 1787 1903 1890 aspectu⁵
1956 1792 2250 1889 igneum
2290 1789 2621 1861 ardorem

475 1899 1082 1997 assequebatur».
1154 1908 1214 1974 A
1272 1907 1718 2001 praestantia‚
1766 1902 1907 1972 hoc
1970 1900 2245 1971 modo:
2322 1929 2357 1964 α
2392 1901 2623 1996 Cujus

478 2035 604 2082 ore
642 2035 880 2082 sermo
921 2013 1138 2084 melle
1169 2013 1499 2086 dulcior⁶
1538 2011 2011 2112 profluebat».
2052 2017 2159 2082 Ex
2200 2010 2459 2082 eodem
2496 2033 2620 2109 ge-

479 2131 702 2193 nere?
746 2122 887 2192 hoc
925 2137 1033 2193 est
1071 2149 1088 2192 ε
1139 2130 1468 2195 «Tantus
1517 2139 1671 2195 erat
1716 2124 1791 2192 in
1844 2122 2059 2192 armis
2104 2119 2486 2218 splendor,
2540 2135 2626 2192 ut

479 2233 648 2305 solis
683 2231 926 2332 fulgor
965 2233 1344 2306 obscurior
1384 2235 1753 2306 videretur
1782 2263 1833 2302 ».

555 2428 637 2478 13.
661 2426 1082 2477 Continuationos.
1107 2432 1259 2495 Resp.
1293 2446 1404 2495 esp.
1441 2447 1507 2494 19

477 2508 601 2573 quid
623 2508 685 2557 sit
706 2508 1032 2557 continuatio.
1397 2502 1408 2511 ’

555 2594 637 2643 14.
669 2588 875 2651 Oportet
895 2588 1052 2634 verba
1085 2584 1188 2633 sint
1203 2586 1280 2633 ad
1297 2598 1424 2650 poet.
1453 2604 1505 2651 q.

479 2676 736 2715 exstructa
753 2682 1019 2714 numerum.
1039 2667 1119 2713 Sic
1147 2668 1454 2731 reposuimus
1478 2683 1509 2714 e

477 2746 602 2797 MSS
625 2743 848 2808 pluribus
867 2754 915 2791 et
938 2743 1052 2791 edd.
1079 2751 1238 2803 1474,
1264 2745 1403 2791 Med.
1425 2761 1504 2808 pr.

481 2824 615 2886 1475
633 2859 647 2883 ,
683 2824 819 2872 Med.
842 2840 939 2871 sec.
972 2824 1114 2872 Junt.
1143 2824 1312 2871 Lectio
1336 2822 1506 2889 vulga-

478 2914 554 2960 ta,
591 2925 618 2945 α
637 2903 766 2951 sicut
797 2918 826 2951 a
863 2904 1024 2967 poetis
1057 2902 1112 2951 iu
1133 2902 1394 2965 quemdam
1416 2918 1505 2951 ex·

479 2993 664 3030 struere
683 2998 938 3029 numerum
953 3004 976 3023 ›-
989 3017 1002 3041 ‚
1021 2982 1178 3029 est-ab
1199 2981 1352 3030 Aldu.
1374 2982 1507 3029 Eun.

475 3086 548 3099 —-
565 3058 808 3108 Gruterus
820 3095 834 3118 ,
855 3060 940 3124 qui
959 3061 1204 3124 vulgatam
1223 3060 1360 3108 dedit
1375 3094 1391 3119 ‚
1417 3074 1507 3107 no-

479 3148 548 3185 tat
567 3152 585 3188 t
611 3138 899 3186 Gulielmius
924 3138 1136 3187 malebat
1159 3156 1272 3187 cum
1305 3140 1505 3187 Lumbi-

479 3232 548 3265 no
575 3238 600 3259 u
621 3216 749 3264 sieut
783 3217 846 3265 ad
875 3218 1120 3280 poeticum
1139 3240 1163 3258 a
1185 3232 1197 3264 :
1229 3228 1278 3266 et
1307 3232 1426 3266 vero
1451 3218 1505 3265 in

479 3296 582 3343 Pal.
622 3296 840 3343 secundo
874 3306 921 3342 et
957 3294 1074 3345 Fab.
1112 3306 1216 3343 erat
1265 3298 1397 3344 «sint
1440 3296 1505 3345 ad

477 3374 724 3438 poeticum
751 3374 1008 3437 quemdam
1049 3384 1294 3422 exstructa
1333 3392 1501 3423 nume-

479 3468 652 3513 rum»,
680 3453 818 3517 quod
839 3453 1087 3501 maluerim
1113 3467 1127 3501 :
1152 3453 1362 3502 simodo
1383 3454 1505 3518 quid

482 3532 620 3581 veuit
641 3532 944 3583 mutandum.
1003 3534 1014 3547 “

551 3612 800 3661 XXXIII.
847 3629 893 3662 1.
935 3610 1235 3677 Super-latio.
1271 3620 1396 3682 Quoe
1436 3624 1509 3660 est

481 3690 710 3739 Ciceroni
747 3692 808 3740 de
833 3694 969 3741 Orat.
998 3694 1096 3753 111,
1135 3688 1198 3742 53
1218 3731 1232 3756 ,
1277 3700 1308 3747 6
1330 3733 1346 3761 ,
1386 3712 1511 3743 nsu-

477 3768 684 3832 perlntio
711 3770 928 3820 veritatis
947 3794 968 3814 ι
984 3808 998 3833 ,
1041 3790 1138 3837 qua
1163 3776 1319 3825 utitur
1341 3786 1509 3823 orator

477 3862 624 3912 supra
663 3866 764 3898 rem
796 3850 954 3898 ferens
974 3888 988 3909 ‚
1020 3868 1166 3915 quam
1191 3852 1296 3901 fieri
1325 3854 1501 3918 possit3

483 3934 540 3974 nt
562 3928 631 3974 uit
655 3930 789 3977 Orat.
819 3939 912 3993 403
945 3930 1006 3979 de
1031 3930 1108 3980 el.
1137 3935 1278 3982 Orat.
1298 3935 1346 3980 11
1363 3967 1379 3992 ‚
1403 3932 1502 3981 66:

481 4018 628 4067 quum
676 4008 890 4057 eamdem
934 4010 1221 4072 Quintilian.
1251 4014 1371 4059 vm
1391 4049 1406 4073 ‚
1444 4014 1498 4069 6,

483 4096 624 4132 voest
639 4108 664 4128 ι-
681 4090 1084 4151 super-jectionem
1105 4092 1441 4138 ementieutem
1457 4114 1500 4150 n,

1594 2440 1644 2478 et
1669 2430 1825 2489 vm,
1860 2436 1891 2484 4
1913 2428 2295 2495 ‚dhyperboleu
2322 2452 2363 2479 n.
2386 2432 2622 2478 Wrrzu..

1666 2523 1715 2555 α.
1760 2507 1981 2570 Alicujus
2020 2508 2254 2574 augendi,
2288 2507 2506 2575 Alictejus
2544 2508 2625 2555 fri-

1594 2600 1702 2651 get,
1738 2589 1839 2635 sive
1880 2588 1945 2635 ad
1985 2589 2260 2647 veritatem,
2300 2576 2405 2636 sive
2448 2588 2512 2637 ad
2546 2604 2625 2636 se-

1596 2670 1793 2733 quentis
1842 2667 2021 2717 referas
2037 2702 2055 2727 ,
2097 2679 2146 2716 et
2182 2667 2301 2741 ak‘bi
2335 2664 2625 2733 simpliciter

1596 2758 1670 2795 est
1720 2747 1974 2810 «augendi
2018 2761 2101 2795 aut
2146 2746 2367 2795 mutandi
2404 2764 2546 2795 causa
2568 2770 2624 2794 ιο,

1592 2837 1649 2874 ut
1690 2842 1797 2890 cap.
1848 2826 1935 2882 34.
1974 2828 2192 2876 Enussr.
2246 2854 2313 2864 —
2367 2824 2625 2875 Schiitzius

1594 2905 1797 2953 delevit.

1668 2986 1715 3032 3.
1770 2982 2115 3033 Retinebimus.
2174 2984 2453 3033 Recinebt'u's
2503 2984 2623 3033 edit.

1594 3063 1731 3114 Med.
1766 3066 1919 3125 1498.
1952 3090 2019 3101 -
2054 3064 2188 3112 Libri
2224 3062 2461 3128 publicati
2498 3063 2621 3125 adji-

1594 3143 1737 3190 ciunt
1782 3144 1872 3189 -in
1912 3144 2109 3191 civitate
2132 3164 2177 3197 ι,
2224 3144 2360 3206 quod
2402 3143 2624 3203 exclusi,

1592 3222 1729 3285 quod
1762 3220 1951 3269 abesset
1986 3238 2012 3269 a
2052 3224 2155 3272 Pal.
2184 3234 2343 3288 quart.
2377 3234 2502 3271 sext.
2539 3224 2620 3271 Br.

1591 3316 1649 3348 uc
1682 3300 1819 3349 Fabr.
1848 3303 2019 3351 Gnur.

1665 3389 1716 3437 4.
1761 3380 2037 3445 Super-latio
2077 3382 2302 3430 sumitur.
2356 3382 2467 3429 Hoc
2512 3398 2625 3446 spu·

1594 3460 1721 3507 rium
1741 3471 1840 3519 est;
1870 3463 2097 3525 nuspiam
2124 3462 2177 3507 in
2208 3462 2475 3526 partitione
2500 3460 2585 3509 tali
2608 3496 2622 3519 ,

1594 3552 1768 3587 auctor
1804 3540 1900 3589 tale
1934 3540 2058 3605 quid
2093 3540 2248 3590 addit.
2283 3544 2452 3605 Itaque
2486 3543 2623 3593 uncis

1597 3618 1786 3668 inclusi.
1814 3620 1944 3667 Eut.
1970 3647 2042 3657 —
2061 3620 2171 3670 Sch.
2192 3620 2388 3669 delevit.

1672 3698 1723 3747 5.
1748 3702 1953 3761 Aspectu
1970 3735 1985 3759 ,
2010 3698 2265 3747 oculorum
2291 3698 2483 3749 ardore.

1669 3776 1717 3825 6.
1757 3778 1921 3824 Sermo
1950 3778 2091 3825 melle
2120 3780 2324 3828 dulcior.
2348 3780 2406 3827 Id
2436 3782 2621 3827 Home-

1594 3872 1676 3904 rus
1696 3856 1758 3903 de
1780 3856 1990 3905 Nestore
2005 3892 2019 3916 ,
2050 3858 2190 3907 Iliad.
2210 3862 2266 3919 1,
2290 3862 2411 3925 249.

1667 3954 1717 3997 7.
1749 3938 1833 3983 Ex
1859 3936 2029 3984 eodem
2052 3954 2248 4003 genere.
2282 3942 2366 3989 Ex
2392 3938 2559 3987 addidi
2596 3958 2622 3986 e

1594 4016 1681 4063 Ms
1727 4015 1865 4065 Cort.
1906 4016 2043 4064 Leid.
2080 4018 2191 4066 edd.
2244 4025 2407 4081 1474,
2460 4020 2621 4081 1475,
2699 4049 2705 4057 -

1594 4094 1728 4142 Med.
1756 4111 1851 4143 see.
1880 4088 2020 4145 =funt.
2048 4096 2203 4146 Aldus
2234 4100 2414 4146 omisit.
2436 4100 2568 4146 Eun.
