2982 4682
481 337 616 420 140
1152 339 1250 406 M.
1299 338 1377 406 Τ.
1427 338 1921 408 ‘CICERONIS

469 471 692 554 atque
721 453 1134 530 attenuata⁸
1161 459 1378 530 nimis
1413 459 1926 532 acclamatione
1946 484 1967 548 3
1987 473 2060 531 et
2090 463 2155 530 si
2178 463 2342 558 quis
2368 460 2605 560 splen-

473 567 613 640 dor
637 583 747 640 est
777 569 966 640 vocis
978 577 1036 656 9,
1064 573 1521 640 consumitur
1546 594 1699 641 uno
1736 569 2047 642 clamore
2082 571 2483 644 universus.
2516 577 2606 644 Et

469 703 622 751 uno
649 679 908 776 spiritu
945 681 1406 751 continenter
1435 677 1663 751 multa
1694 678 1933 751 dicere
1968 681 2047 750 in
2084 694 2401 752 extrema
2434 707 2605 754 con-

469 793 670 862 venit
709 790 1037 862 oratione
1071 799 1134 834 ¹⁰
1169 815 1185 859 ε
1235 787 1478 862 fauces
1528 791 1719 862 enim
1766 788 2153 880 calefiunt,
2198 805 2271 862 et
2327 794 2605 864 arteriae

467 898 952 997 complentur,
983 913 1056 972 et
1084 924 1264 990 vox,
1297 925 1459 998 quae
1498 901 1687 972 varie
1720 913 2015 972 tractata
2048 915 2193 990 est,
2228 900 2607 974 reducitur

469 1009 550 1080 in
601 1007 990 1106 quemdam
1049 1034 1309 1082 sonum
1360 1009 1789 1108 aequabilem
1846 1025 2068 1110 atque
2124 1025 2606 1084 constantem.

471 1121 672 1218 Saepe
731 1143 982 1192 rerum
1037 1135 1310 1193 naturae
1377 1124 1607 1220 gratia
1660 1121 1992 1220 quaedam
2044 1122 2209 1218 jure
2264 1121 2606 1210 debetur,

469 1230 674 1302 velut
720 1229 976 1303 accidit
1009 1231 1087 1302 in
1124 1230 1262 1304 hac
1293 1256 1398 1303 re.
1445 1236 1629 1305 Nam
1666 1255 1830 1330 quae
1870 1231 2182 1303 diximus
2222 1231 2315 1302 ad
2354 1255 2602 1304 vocem

471 1339 894 1412 servandam
947 1341 1294 1439 prodesse
1323 1395 1343 1425 ,
1389 1340 1642 1414 eadem
1686 1345 1999 1414 attinent
2042 1341 2135 1414 ad
2184 1345 2605 1428 suavitatem

471 1451 1086 1547 pronuntiationis
1106 1459 1128 1495 ¹
1143 1463 1193 1539 ¹,
1211 1465 1321 1539 ut,
1343 1451 1547 1550 quod
1578 1467 1842 1525 nostrae
1858 1455 2019 1526 voci
2040 1465 2101 1498 ι’
2122 1457 2351 1554 prosit
2366 1509 2386 1539 ,
2413 1452 2605 1526 idem

468 1559 841 1659 voluptate
877 1559 1224 1634 auditoris
1263 1561 1641 1661 probetur.
1707 1564 1901 1636 Utile
1941 1579 2051 1637 est
2094 1565 2185 1637 ad
2226 1564 2608 1637 firmitudi-

473 1693 645 1742 nem
667 1667 971 1760 vocis13,
997 1671 1243 1744 sedata
1281 1697 1422 1744 vox
1457 1673 1533 1744 in
1564 1676 1946 1774 principio.
1982 1675 2176 1769 Quid
2206 1678 2607 1763 insuavius»,

473 1803 695 1877 quam
747 1779 1018 1856 clamor
1070 1783 1146 1852 in
1209 1782 1508 1854 exordio
1556 1783 1839 1857 causae?
1901 1787 2284 1858 Intervalla
2352 1811 2605 1860 vocem

471 1886 946 1978 confir-mann
993 1890 1243 1962 eadem
1281 1897 1677 1966 sententias
1710 1897 2220 1969 concinniores
2258 1895 2610 1968 divisione

469 1997 790 2071 reddunt
825 1999 919 2087 ¹4,
961 2016 1034 2073 et
1063 2002 1376 2075 auditori
1411 2008 1721 2106 spatium
1754 2007 2119 2105 cogitandi
2158 2007 2604 2106 relinquunt.
2686 2095 2693 2100 Ι

473 2111 869 2182 Conservat
901 2135 1152 2184 vocem
1196 2117 1527 2188 continui
1568 2117 1900 2189 clamoris
1936 2119 2263 2190 remissio
2304 2146 2321 2188 ε
2368 2133 2442 2190 et
2476 2142 2607 2188 au-

471 2219 784 2294 ditorem
815 2222 1109 2321 quidem
1147 2228 1452 2298 varietas
1494 2231 1804 2299 maxime
1838 2226 2180 2315 delectat3
2210 2252 2439 2325 quum
2468 2251 2611 2299 ser·

475 2356 695 2405 mone
741 2334 1064 2406 animum
1115 2336 1273 2433 ejus
1322 2341 1623 2425 retinet,
1665 2355 1794 2412 aut
1837 2341 2224 2413 exsuscitat
2269 2339 2603 2441 clamore.

472 2448 697 2517 Acuta
734 2446 1156 2518 exclamatio
1197 2471 1450 2519 vocem
1502 2463 1575 2521 et
1621 2446 1863 2522 fauces
1913 2448 2244 2521 vulnerat
2289 2478 2305 2521 ε
2356 2448 2606 2521 eadem

476 2555 671 2629 laedit
691 2555 1132 2645 auditorem3
1170 2556 1391 2630 habet
1422 2559 1617 2629 enim
1641 2557 1987 2657 quiddam
2012 2557 2379 2645 illiberale,
2412 2574 2485 2631 et
2516 2556 2609 2629 ad

475 2664 906 2739 muliebrem
935 2670 1178 2768 potius
1203 2666 1817 2758 vociferationem,
1838 2694 2056 2768 quam
2091 2668 2181 2741 ad
2202 2668 2480 2741 virilem
2510 2668 2611 2739 di·

476 2778 825 2875 gnitatem
844 2778 920 2853 in
934 2778 1246 2853 dicendo
1265 2779 2002 2855 accommodatum.ln
2022 2794 2343 2853 extrema
2359 2781 2613 2853 oratio·

1666 2990 1687 3022 ι
1704 2990 1749 3024 ι.
1818 2972 2115 3023 Suaeve‘eauns
2172 2971 2607 3038 pronuntiatae-is.

1586 3052 1702 3105 Sub.
1726 3052 2093 3105 maritalium.
2114 3054 2195 3105 sie
2214 3088 2231 3115 ,
2254 3052 2443 3118 inquit,
2480 3052 2609 3103 MSS

1584 3132 1805 3183 lambis.
1826 3142 1877 3181 et
1893 3132 2041 3183 Voss.
2064 3132 2117 3181 3.

1666 3224 1749 3261 sa.
1792 3210 1939 3276 Quod
1982 3221 2162 3259 nostra
2214 3208 2346 3258 νοοῖ.
2398 3230 2423 3253 ι
2454 3208 2608 3272 Quod

1588 3302 1757 3342 natum
1778 3292 1929 3343 voci·
1950 3291 2031 3341 ed.
2050 3288 2183 3341 Med.
2206 3288 2612 3354 affe-Eadem

1589 3372 1713 3419 infra
1755 3372 2011 3421 τοὶιυιεατο
2050 3370 2285 3420 suditoris
2328 3384 2421 3436 pro
2466 3369 2615 3419 volu-

475 2985 618 3032 runt,
653 2990 800 3040 quam
835 2992 940 3025 non
977 2974 1104 3024 bens
1149 2975 1242 3025 ists
1278 2975 1501 3041 syntaxis

474 3054 752 3105 coh-rost:
785 3076 808 3099 ι
823 3056 950 3105 ictus
973 3054 1032 3103 fit
1055 3056 1246 3104 arteria
1263 3065 1314 3103 et
1333 3056 1501 3105 vulne·

477 3144 650 3183 rantur
667 3135 855 3183 arteria
871 3156 919 3184 υ.
943 3133 1042 3183 Sed
1060 3135 1104 3184 si
1131 3136 1334 3201 optimis
1349 3135 1500 3185 codd.

475 3214 768 3265 iuhemus
785 3248 803 3273 ,
839 3215 1006 3264 omnis
1037 3215 1144 3265 sine
1163 3216 1364 3266 salebris
1384 3215 1500 3265 ullis

477 3294 748 3361 profluunt.
783 3320 852 3333 —-
887 3296 956 3345 E-
985 3294 1244 3345 Sebini-s
1267 3312 1332 3345 ex
1365 3296 1503 3346 Gra-

481 3377 590 3436 vio,
626 3392 770 3441 quem
795 3387 1028 3441 sequutus
1049 3389 1138 3427 est.

549 3458 601 3505 8.
627 3458 910 3505 Aeoenaaea.
937 3457 1229 3521 Metspbors
1247 3472 1276 3504 s
1297 3454 1384 3504 fflo
1405 3456 1501 3504 dn·

477 3548 584 3599 ets,
605 3535 740 3600 qnod
755 3535 1066 3585 extendendo
1084 3544 1326 3585 tenuntur.

552 3633 604 3681 9.
627 3616 869 3682 Splendor
886 3628 959 3665 ese
979 3614 1136 3663 vocis.
1161 3614 1278 3663 Vox
1303 3614 1431 3662 cisra
1453 3625 1505 3662 et

479 3696 675 3755 suavis,
705 3706 762 3745 nt
793 3696 932 3745 Brut.
967 3694 1062 3752 55,
1107 3692 1210 3754 68,
1263 3708 1348 3755 71.
1383 3694 1503 3759 Quo

477 3792 626 3828 sensu
647 3790 850 3841 porrum
877 3776 993 3823 voci
1017 3772 1328 3838 splendorem
1357 3776 1501 3825 affert

477 3856 616 3924 apud
632 3855 759 3905 Plin.
779 3856 882 3903 XX.
900 3890 916 3916 ‚
941 3854 990 3901 6.
1027 3854 1204 3902 Wsrz.

557 3952 640 3985 10.
663 3936 726 3982 In
751 3946 874 3983 exn.
904 3946 1038 3981 conv.
1057 3932 1298 3983 orate'one.
1321 3934 1503 3984 Melius

477 4018 598 4067 edd.
629 4017 793 4077 ¹67⁶,
827 4016 995 4081 ¹478,
1025 4015 1302 4065 «convenit
1335 4016 1389 4065 in
1419 4032 1501 4065 ex-

477 4112 632 4152 unns
651 4095 872 4147 oratione
887 4118 934 4145 ¹·-

1582 3462 1745 3517 μακε.
1768 3450 1949 3501 Nescio
1970 3466 2035 3500 an
2052 3451 2233 3500 verius.

1668 3544 1689 3579 ι
1700 3532 1748 3580 3.
1770 3532 1897 3580 Utile
1912 3543 1984 3580 ese
2007 3530 2435 3595 adfitmitmffnem
2449 3528 2610 3581 mats.

1592 3610 1707 3662 Seb.
1728 3612 1857 3661 delet
1876 3612 2035 3661 vocis.
2057 3613 2139 3662 Sic
2160 3612 2409 3673 Gravius,
2426 3612 2614 3675 inquit,

1588 3688 1689 3739 fide
1712 3690 1862 3741 codd.
1884 3691 2067 3742 Caneh,
2082 3702 2133 3741 et
2159 3692 2262 3739 Erf.

1668 3778 1751 3828 ¹4·
1789 3772 1975 3820 Eadem
2021 3770 2287 3819 sententias
2326 3768 2615 3819 concinnio-

1588 3866 1668 3899 res
1706 3850 1937 3899 divisione
1970 3850 2201 3901 reddunt.
2238 3850 2295 3899 ld
2326 3862 2431 3911 est,
2451 3850 2615 3915 perio·

1588 3931 1683 3979 dos
1736 3930 1907 3979 divisis
1970 3930 2199 3981 manhu-is
2246 3930 2420 3981 melius
2472 3928 2614 3978 iufle-

1589 4020 1749 4060 etunt.
1790 4012 1899 4074 Qus
1942 4026 1993 4059 re
2036 4012 2343 4077 potissimum
2386 4026 2439 4060 se
2476 4026 2617 4059 com-

1590 4088 1785 4139 mendat
1808 4094 2060 4143 Isocrates.
