2982 4682
756 413 882 481 AD
933 411 1522 495 HERENNIUM,
1573 408 1838 478 LIBER
1889 408 2028 492 111,
2079 422 2142 501 7.

2363 406 2509 477 -131

390 534 885 633 tuperatione,
914 534 973 604 si
994 536 1209 602 erunt
1238 530 1389 601 haec
1415 532 1742 627 corporis
1759 526 2168 616 commoda,
2197 530 2378 599 male
2408 530 2520 601 his

390 668 605 715 usum
627 643 949 715 dicemus
968 696 988 730 ,
1018 666 1178 739 quae
1208 666 1377 713 casu
1408 654 1479 712 et
1502 640 1792 721 natura,
1824 653 2190 735 tamquam
2215 640 2522 736 quilibet

390 755 769 853 gladiator,
816 750 1194 839 habuerit3
1240 754 1299 824 si
1342 776 1494 822 non
1533 763 1748 821 erunt
1790 746 2135 847 praeter-¹²
2176 748 2520 836 formam,

389 865 633 935 omnia
668 864 895 962 ipsius
932 862 1143 959 culpa
1182 876 1255 933 et
1297 862 1852 957 intemperantia
1889 883 2040 929 non
2078 858 2384 931 fuisse'13
2416 860 2518 933 di·

390 998 659 1045 cemus.
696 969 979 1042 Deinde
1015 973 1551 1042 revertemur¹4
1597 966 1686 1039 ad
1733 982 2108 1039 extraneas
2148 994 2296 1059 reS‚
2336 987 2410 1042 et
2444 975 2519 1043 in

390 1084 535 1169 his,
570 1086 791 1154 animi
830 1084 1163 1169 virtuteS,
1202 1084 1327 1153 ant
1368 1081 1540 1163 vitia
1574 1105 1735 1176 qnae
1776 1077 2046 1151 fuerint
2069 1134 2088 1167 ‚
2121 1081 2525 1153 considera-

386 1193 629 1263 bimus
668 1219 684 1261 :
730 1190 1029 1278 divitiae,
1077 1215 1167 1261 an
1199 1205 1588 1289 paupertas
1619 1188 1876 1273 fuerit,
1917 1204 1991 1261 et
2015 1194 2176 1286 quae
2215 1206 2528 1288 potesta-

390 1318 495 1374 tes
542 1299 751 1398 [quae
796 1300 1039 1396 gloriae
1068 1298 1129 1344 ¹⁵
1156 1298 1214 1397 ]‚
1254 1324 1415 1397 quae
1474 1301 1835 1384 amicitiae,
1884 1323 2044 1395 quae
2097 1301 2524 1391 inimicitiae,

368 1426 465 1481 vet
508 1410 689 1509 quid
729 1408 1012 1481 fortiter
1052 1410 1129 1480 in
1174 1410 1562 1480 inimicitiis
1605 1406 1936 1505 gerendis
1982 1406 2276 1498 fecerit3
2320 1415 2528 1509 cujus

390 1545 603 1593 causa
627 1521 1021 1617 susceperit
1048 1520 1449 1592 inimicitias
1480 1514 1573 1605 ¹⁶,
1610 1544 1756 1616 qua
1781 1517 1961 1607 fide,
1998 1516 2523 1605 benivolentia,

387 1703 582 1749 Ernest.
608 1711 821 1749 veterem
846 1699 1293 1765 interpunctionem
1317 1715 1415 1747 ser-

386 1792 471 1828 vat
499 1796 527 1827 ι
554 1780 800 1838 Grutero,
829 1790 887 1828 ut
910 1778 1009 1835 ait,
1040 1790 1219 1827 temere
1254 1789 1416 1827 muta-

376 1871 488 1907 -tam
508 1892 523 1917 ,
564 1874 711 1922 quam
754 1870 915 1909 tamen
957 1859 1139 1922 pariter
1184 1860 1237 1905 in
1276 1858 1417 1906 libris

386 1938 677 2001 quibusdam
692 1937 909 2001 antiquis
928 1948 979 1985 et
1001 1938 1104 2001 ipse
1122 1938 1329 2001 reperit3
1358 1949 1415 1986 ut

386 2018 468 2065 ed.
517 2018 660 2065 Junt.
710 2015 799 2063 1112
842 2026 981 2064 vetus
1022 2026 1095 2063 est
1122 2016 1173 2063 in
1207 2015 1334 2063 MSS
1368 2022 1415 2061 et

384 2096 499 2145 edd.
520 2112 595 2160 pr.
632 2092 830 2145 Schiitz.
865 2096 1138 2143 Ernestinm
1182 2106 1415 2158 sequutus

386 2186 491 2233 est3
526 2190 637 2223 nam
656 2172 901 2222 efficacius
926 2186 999 2221 est
1017 2206 1041 2236 ,-
1058 2175 1243 2237 inquit,
1270 2190 1415 2223 voca-

384 2254 556 2303 balum
590 2266 827 2319 perpetua
867 2270 977 2301 cnm
1019 2276 1045 2296 σ-
1089 2252 1337 2317 diligentia
1364 2264 1414 2301 et

388 2337 703 2400 temperantia
728 2355 751 2378 a
797 2336 1123 2398 conjungere,
1165 2349 1260 2397 qua
1312 2333 1410 2381 uti-

386 2431 638 2481 que-opus
666 2425 740 2464 est
764 2415 829 2462 ad
857 2415 1184 2463 valetudinem
1212 2427 1413 2462 conser-

386 2495 615 2543 vandam.
665 2496 846 2544 Contra
874 2493 925 2542 h.
956 2493 992 2542 l.
1033 2493 1093 2540 de
1132 2491 1411 2540 valetudine

386 2586 623 2638 perpetua
651 2589 709 2621 nc
732 2571 989 2630 diuturne,
1016 2588 1117 2618 non
1146 2571 1206 2619 de
1232 2569 1411 2634 sepius

386 2653 567 2702 afflicta
591 2655 704 2716 agi,
730 2669 819 2716 per
836 2669 889 2700 se
908 2649 1209 2714 intelligitur.

464 2749 541 2779 ω.
560 2728 997 2795 Praeter-formam.
1022 2733 1131 2778 Hoc
1152 2729 1405 2793 excipitur,

388 2813 499 2874 qnia
509 2813 683 2858 fomae
700 2810 927 2874 dignitas,
946 2809 1026 2856 sia
1044 2821 1218 2857 natura
1238 2808 1407 2867 fuerit,

384 2890 523 2938 malis
562 2888 781 2938 moribus
816 2888 1067 2952 depravari
1106 2897 1285 2952 potest.
1312 2887 1409 2939 Sed

384 2971 428 3017 si
446 2981 616 3018 natura
638 2983 741 3016 eam
764 2983 867 3016 non
887 2965 1073 3014 dederit
1088 3000 1103 3025 ,
1141 2983 1285 3014 nemo
1306 2982 1406 3030 po-

388 3059 509 3107 test,
545 3059 601 3096 nt
634 3049 703 3097 ait
740 3046 822 3094 ille
857 3062 941 3110 ap.
967 3045 1071 3094 Cic.
1112 3045 1175 3092 de
1198 3047 1338 3095 Orat.
1365 3044 1404 3091 l.

386 3131 459 3188 11,
482 3127 580 3176 sibi
599 3127 801 3174 formam
826 3125 929 3189 ipse
945 3122 1145 3187 fingere.

462 3223 481 3254 1
494 3209 540 3255 3.
576 3207 645 3254 Ec
682 3202 1057 3269 interimet-amia
1098 3217 1195 3250 non
1232 3199 1406 3264 sitisse.

390 3285 511 3334 Pau.
570 3284 785 3333 veriores
828 3284 1057 3346 ignorant
1103 3281 1373 3345 negativam
1390 3316 1405 3342 ,

386 3365 627 3414 secundus
649 3379 763 3412 vero
786 3361 955 3420 habet,
987 3383 1011 3402 ιι
1030 3372 1079 3410 et
1101 3361 1303 3424 intemp.
1328 3377 1405 3406 ac-

384 3446 559 3494 cidisse
574 3467 599 3488 2·
611 3480 626 3504 ,
641 3454 697 3492 ut
714 3443 939 3492 videatur
963 3440 1325 3489 rescribendum
1346 3457 1400 3486 a·

380 3525 561 3584 titisse,
584 3524 635 3571 h.
654 3540 699 3572 e.
722 3519 952 3586 abfinisse.
975 3519 1142 3568 Gau-r.
1165 3547 1235 3557 -—-
1251 3519 1405 3566 Abest

384 3620 481 3652 noea
502 3601 615 3652 edd.
649 3603 782 3663 1476
802 3636 817 3660 ‚
856 3599 997 3648 Med.
1029 3600 1180 3662 1498.
1204 3595 1399 3646 Schiitz.

384 3682 611 3732 occidisse
632 3697 726 3745 pro
770 3696 869 3727 non
891 3677 1071 3743 suisse-
1110 3681 1248 3726 Hanc
1282 3677 1398 3724 leot.

384 3761 569 3825 inquit,
608 3760 715 3808 erni
742 3775 769 3806 e
796 3758 1003 3822 vestigio
1046 3756 1159 3804 cod.
1198 3755 1300 3804 Pal.
1337 3771 1365 3802 2
1384 3789 1400 3814 ,

384 3842 435 3887 in
455 3855 558 3904 qno
566 3837 993 3904 legitnraccidisse.
1008 3836 1253 3885 Lectionis
1269 3835 1400 3883 ocei-

383 3918 509 3969 disse
531 3918 764 3982 glossema
789 3917 980 3964 videtur
1014 3916 1263 3978 vulgatum
1301 3929 1401 3961 non

372 3997 534 4061 fuisse
551 4032 566 4057 ,
581 3997 721 4062 qnod
747 3995 981 4060 temporis
998 3995 1285 4043 consecutio
1301 4005 1405 4040 non

386 4075 609 4124 admittit.
652 4077 779 4124 Nam
821 4074 863 4120 si
892 4073 1004 4137 quis
1038 4073 1210 4121 habuit
1254 4072 1402 4133 vires,

389 4155 686 4204 velocitatem
705 4189 719 4216 ,
741 4155 921 4204 bonam
952 4153 1292 4210 valitudinem,
1324 4152 1407 4200 ad·

1503 1696 1741 1745 versat-ins
1764 1713 1866 1745 non
1891 1708 2054 1762 potest
2079 1699 2237 1748 dicere
2253 1738 2270 1761 ,
2314 1718 2369 1751 ea
2397 1701 2525 1751 bona

1503 1792 1604 1824 non
1657 1776 1804 1823 fnisse
1840 1789 2044 1843 propter
2081 1783 2524 1846 intemperantiam,

1501 1855 1589 1903 sed
1633 1857 1794 1918 potius
1840 1856 2064 1919 docebit,
2100 1858 2264 1925 fiqu-se
2287 1862 2484 1925 quidem
2504 1899 2520 1921 ,

1502 1934 1586 1982 sed
1614 1950 1716 1982 non
1740 1936 1948 2000 amplius
1969 1954 2077 1986 esse
2099 1940 2336 2001 hominis,
2357 1943 2442 2005 qui
2461 1942 2521 1990 iis

1503 2012 1680 2061 abusus
1700 2016 1790 2075 sit,
1813 2016 1974 2080 eulpa.
1998 2020 2280 2068 Gronovius
2301 2021 2521 2069 defendit

1501 2090 1756 2141 lectionem
1761 2091 1946 2157 fuisse,
1972 2096 2026 2144 h.
2057 2113 2100 2144 e.
2122 2100 2346 2163 periisse,
2372 2101 2524 2148 inter·

1499 2172 1611 2219 iisse
1639 2188 1656 2233 ;
1717 2174 1854 2237 quod
1909 2188 2116 2241 propter
2177 2180 2522 2242 amphiboliam

1501 2248 1734 2298 dictionis
1760 2254 1809 2303 h.
1838 2253 1872 2303 l.
1905 2270 2006 2302 non
2035 2256 2213 2320 placet.
2248 2257 2462 2307 Scau-1⁸2.

1576 2336 1654 2392 τά.
1678 2332 2004 2384 Reuertemur.
2033 2336 2158 2385 Mss
2185 2337 2385 2401 quidam
2410 2355 2523 2387 ‘ver-

1499 2420 1669 2472 lemur,
1683 2413 1819 2476 qnod
1842 2425 1892 2463 et
1915 2414 2074 2478 placet
2088 2415 2205 2464 viris
2229 2417 2522 2480 quibusdam

1498 2488 1672 2540 doctis.
1716 2491 1810 2541 Sed
1857 2507 2148 2542 revertemur·
2197 2500 2517 2545 necessarium

1497 2580 1597 2627 est,
1626 2571 1740 2634 quia
1767 2573 2113 2637 intelligendus
2139 2574 2326 2623 reditus
2353 2577 2417 2624 ad
2443 2595 2520 2626 res

1495 2660 1734 2700 externas.
1756 2653 1973 2700 Ennnsr.

1571 2729 1650 2776 15.
1683 2731 1806 2794 Qua·
1831 2742 2094 2794 potestates
2122 2733 2142 2797 [
2157 2750 2270 2796 qua·
2287 2735 2468 2798 glorioe
2483 2736 2520 2800 ].

1494 2806 1657 2870 Vulgo
1699 2807 1898 2856 additur
1943 2825 2058 2872 quoe
2092 2811 2293 2874 gloria-3
2343 2813 2521 2861 barba-

1490 2901 1600 2932 rum
1633 2885 1868 2948 glossema
1887 2920 1902 2946 ,
1946 2903 2048 2950 quo
2073 2891 2412 2952 grammaticus
2430 2894 2517 2940 ali·

1493 2967 1604 3028 quis
1633 2964 1880 3030 explicare
1920 2965 2078 3015 voluit
2113 2979 2388 3032 potestates.
2409 2973 2515 3020 Nec

1488 3055 1658 3108 postea
1669 3078 1685 3102 ,
1713 3045 1798 3092 nbi
1815 3045 2007 3108 singula
2025 3045 2132 3094 haec
2154 3048 2368 3097 membra
2385 3066 2522 3114 repe·

1493 3132 1689 3183 tuntur,
1730 3125 1896 3187 gloria·
1913 3123 1976 3174 fit
2001 3129 2201 3178 mentio.
2220 3133 2432 3180 Scau-rx.
2447 3147 2512 3169 -ἔ-

1490 3203 1642 3266 Resp.
1668 3203 1730 3251 nd
1749 3220 1794 3252 c.
1820 3206 1878 3264 6,
1907 3205 1994 3254 uhi
2010 3206 2081 3254 sic
2099 3223 2299 3272 quoqne
2323 3231 2346 3252 ι
2377 3223 2516 3275 pote-

1490 3291 1665 3343 states,
1709 3283 1876 3347 glorias
1903 3305 1954 3342 n,
2001 3285 2054 3332 id
2097 3297 2204 3344 est,
2237 3300 2396 3352 puto,
2435 3307 2512 3340 res

1489 3361 1702 3424 gloriose
1719 3375 1883 3426 gestae.
1903 3365 2032 3414 Vide
2049 3365 2152 3415 Cic.
2169 3367 2231 3416 de
2249 3372 2410 3418 Amic.
2427 3371 2514 3420 nbi

1488 3439 1655 3488 laud-t
1683 3443 1959 3506 Scipionem
1982 3445 2180 3504 Laelins,
2201 3459 2253 3495 et
2273 3465 2299 3496 a
2319 3451 2514 3512 gemino

1470 3521 1764 3580 consulatu,
1791 3533 1839 3570 et
1863 3540 1890 3570 a
1918 3535 2054 3587 parta
2074 3525 2128 3572 in
2145 3537 2359 3590 utroque
2374 3543 2514 3580 cons.

1490 3599 1670 3662 gloria,
1703 3599 1763 3646 ab
1799 3603 2023 3651 amicitiis
2057 3614 2109 3651 et
2151 3605 2447 3666 inimicitiis,
2483 3627 2511 3658 a

1488 3687 1647 3725 morte
1675 3689 1724 3725 et
1763 3679 1826 3726 ab
1853 3679 1912 3727 iis
1944 3695 2054 3744 qnae
2081 3693 2286 3732 mortem
2309 3698 2512 3749 sequuta

1488 3768 1620 3804 sunt.
1663 3757 1823 3806 Habet
1858 3758 1936 3807 ed.
1964 3762 2096 3820 14⁶7ss
2125 3779 2278 3825 «quse
2303 3765 2512 3827 gloria».

1493 3835 1570 3884 De
1597 3837 1938 3899 potestatibus,
1957 3854 2078 3902 quas
2095 3835 2320 3907 δυνάμεις
2344 3856 2488 3893 vocat
2513 3889 2526 3902 ,

1496 3925 1546 3962 et
1569 3915 1628 3962 de
1657 3917 1827 3963 ceteris
1851 3915 2009 3964 laudis
2025 3919 2248 3982 partibus
2262 3923 2519 3973 Aristotel.

1497 4009 1608 4058 cap.
1633 3995 1694 4052 ὃ,
1730 4009 1779 4040 2.

1572 4074 1654 4124 16.
1700 4073 1847 4138 Cujus
1873 4091 2028 4122 eausa
2057 4078 2316 4142 susceperit
2356 4080 2516 4142 {qimi-

1497 4149 1651 4202 ciu'as.
1673 4153 1790 4202 Haec
1807 4153 1950 4202 verba
1975 4153 2168 4206 Schiitz.
2193 4160 2390 4209 retruxit
2408 4174 2522 4226 post

2114 4267 2183 4337 9.
