2982 4682
423 353 558 436 144
1096 347 1191 416 Μ.
1243 349 1322 416 Τ.
1373 347 1865 418 CICERONIS

409 470 757 544 videatur.
821 473 1128 542 Strenue
1167 467 1374 567 qnod
1405 467 1787 540 volumus‘*
1820 465 2203 540 ostendere
2246 465 2513 538 factum
2532 522 2557 552 ,

414 580 881 656 celerinscule
917 579 1242 652 dicemus
1275 605 1292 650 ε
1328 593 1404 651 at
1434 578 1635 652 aliud
1667 579 1897 650 otiose
1910 575 1965 667 ⁵,
2001 577 2553 652 retardabimus.

417 692 698 765 Deinde
721 690 944 763 modo
981 693 1261 779 acriter,
1287 699 1444 762 tum
1473 689 1891 776 clementer,
1916 703 2208 776 moeste,
2236 687 2563 763 hilariter

415 808 491 875 in
537 825 793 874 omnes
840 815 1080 900 partes
1123 799 1771 887 commutabimus,
1820 813 1904 871 ut
1944 795 2200 888 verba,
2244 802 2343 871 ita
2383 825 2559 899 pro-

420 914 972 984 nuntiationem.
1019 913 1092 980 Si
1136 936 1282 1008 qua
1327 909 1716 983 inciderint
1754 912 1830 981 in
1874 911 2284 982 narratione
2330 911 2561 992 dicta,

419 1038 706 1121 rogata,
757 1046 1138 1121 responsa,
1199 1023 1262 1092 si
1313 1046 1476 1119 quae
1536 1017 2125 1108 admirationesss,
2170 1020 2261 1093 de
2292 1021 2563 1119 quibus

417 1157 552 1205 nos
595 1129 1093 1218 narrabimus-3
1137 1131 1521 1229 diligenter
1561 1132 1879 1202 animum
1919 1131 2415 1221 advertemuS,
2486 1147 2566 1202 ut

417 1246 748 1314 omnium
788 1266 1266 1341 personarum
1311 1259 1605 1328 sensus»,
1636 1257 1857 1339 atque
1899 1235 2178 1314 animos
2218 1267 2398 1314 voce
2446 1268 2563 1315 ex-

418 1358 837 1452 primamus.
868 1354 997 1424 Sin
1029 1357 1168 1425 erit
1201 1377 1440 1424 sermo
1473 1355 1553 1422 in
1584 1353 1983 1446 jocatione,
2015 1351 2276 1425 leniter
2300 1368 2563 1424 treme-

416 1463 668 1537 hunda
698 1475 932 1552 voce7,
955 1488 1124 1534 cum
1165 1487 1380 1561 parva
1417 1462 1940 1560 significatione
1976 1465 2165 1536 risus
2184 1518 2204 1552 ,
2231 1467 2389 1538 sine
2420 1463 2564 1536 ulla

421 1576 834 1673 suspicione
871 1575 1106 1644 mimae
1141 1569 1791 1661 cachinnationis⁸,
1830 1572 2079 1644 leviter
2116 1572 2489 1672 oportebit
2522 1597 2565 1646 a

417 1709 756 1758 sermone
799 1686 988 1756 serio
1043 1699 1392 1781 torquere
1435 1681 1529 1754 ad
1571 1681 1943 1755 liberalem
1983 1684 2233 1779 jocum
2284 1707 2562 1756 vocem.

417 1800 666 1888 Quum
712 1811 954 1868 autem
993 1793 1434 1866 contendere
1474 1792 1842 1892 oportebit
1866 1848 1887 1880 ,
1923 1794 2275 1892 quoniam
2314 1793 2401 1880 ‚id
2442 1809 2567 1865 aut

417 1931 552 2006 per
593 1907 1216 1978 continuationem
1239 1959 1260 1994 ,
1291 1919 1415 1976 aut
1467 1929 1599 2002 per
1632 1901 2268 1975 distributionem9
2305 1902 2569 1977 sacien-

495 2062 542 2109 4.
567 2053 772 2100 Strenue
797 2051 934 2116 quod
959 2051 1206 2100 volumus.
1241 2047 1440 2098 Schiitz.
1534 2063 1697 2095 «voce
1747 2045 2064 2096 tremebunda
2108 2063 2283 2096 vocem
2331 2059 2561 2114 torquere

434 2154 457 2177 ιι
475 2143 672 2180 strenue
693 2129 877 2194 aliquid
906 2147 954 2177 v.
977 2151 1003 2174 a
1031 2129 1157 2182 Cod.
1177 2131 1278 2178 Ers.
1302 2127 1444 2193 quid.
1535 2127 1599 2175 ad
1630 2130 1799 2188 iocum
1818 2149 1861 2176 n.
1908 2129 2077 2191 Itaque
2118 2129 2341 2192 expunxi
2386 2145 2565 2180 ‘vocem

422 2213 544 2263 Inde
560 2212 829 2269 effecimus,
847 2209 1023 2273 inquit,
1043 2207 1247 2272 aliquid.
1261 2207 1448 2272 Nempe
1536 2217 1651 2270 post
1662 2207 1855 2270 jocum,
1890 2217 1939 2253 et
1964 2205 2231 2254 ablativum
2251 2208 2568 2257 nemebunda

423 2293 520 2341 hoc
545 2291 754 2339 incisum
782 2287 968 2336 dicitnr
991 2303 1079 2353 per
1105 2286 1301 2352 ellipsin
1325 2302 1450 2334 con·
1539 2299 1664 2332 'voce
1689 2284 1741 2331 in
1768 2285 2095 2331 accusativum
2122 2285 2323 2334 mutavi.
2350 2287 2431 2334 Sic
2458 2301 2565 2334 om-

421 2371 690 2435 junctioni·
731 2368 803 2428 si,
845 2378 900 2415 nt
937 2378 1107 2431 postea
1129 2381 1142 2415 :
1189 2388 1211 2408 ‹-
1234 2378 1284 2415 at
1320 2365 1454 2413 alind
1542 2366 1623 2414 nis
1676 2364 1891 2412 suaviter
1938 2364 2224 2413 decurrunt.
2284 2365 2475 2415 Leviter
2518 2376 2569 2417 et

427 2455 586 2502 0110ae
609 2473 651 2499 -,
709 2486 715 2496 .
1544 2456 1713 2512 postea
1748 2442 1983 2492 levissime
2011 2452 2083 2492 est
2120 2443 2172 2490 in
2211 2444 2324 2493 cod.
2364 2444 2466 2493 Ers.
2496 2472 2568 2481 —-

502 2534 552 2581 5.
587 2534 656 2579 Ae
695 2526 840 2576 aliud
862 2524 1046 2587 otiose,
1078 2522 1452 2572 retas-dabimus.

425 2610 695 2660 Distiuctio
737 2616 808 2655 est
850 2624 875 2656 a
914 2605 1194 2656 Gallelmio.
1224 2606 1455 2663 Strenue,

425 2704 500 2743 est
517 2691 754 2746 celeriter,
779 2686 1043 2735 industrie:
1073 2694 1242 2732 contra
1268 2682 1422 2730 otiose
1433 2718 1452 2741 ,

425 2786 624 2829 secure,
651 2768 983 2832 negligenter:
1011 2782 1102 2813 nec
1131 2764 1272 2813 aliter
1294 2764 1451 2811 Plant.

424 2862 510 2901 ant
519 2850 792 2901 Terentius.
813 2846 1118 2895 (ᾔτηη-ΙΙ)
1137 2843 1228 2891 luc
1247 2842 1458 2891 lectione

427 2929 764 2995 interpunctio
786 2926 1004 2975 tollenda
1022 2922 1242 2997 videtur,
1273 2938 1384 2986 quoe
1409 2932 1459 2970 et

428 3010 490 3059 ab
517 3008 632 3058 edd.
657 3024 737 3073 pr.
769 3004 919 3053 abest.
948 3002 1046 3051 Sed
1079 3002 1349 3050 necessario
1372 3001 1457 3051 de·

425 3088 546 3138 bent
571 3104 672 3135 esse
694 3085 794 3133 duo
822 3082 1036 3132 membra
1052 3117 1066 3141 ‚
1105 3092 1162 3130 ut
1197 3082 1248 3128 in
1275 3098 1454 3146 praece·

429 3172 592 3219 dente.
616 3168 699 3215 An
723 3175 809 3212 -at
835 3160 971 3226 quod
997 3156 1187 3209 otiose?
1209 3182 1234 3203 a
1252 3162 1456 3210 Est«.—

430 3242 806 3299 Betardabimus
837 3276 854 3302 ,
921 3240 1056 3289 tarde
1137 3238 1454 3288 narrabimus·

429 3332 674 3378 Wrrzn.

500 3410 550 3457 6.
571 3402 953 3455 Adnuit-aciones.
979 3398 1339 3449 Admirantinm
1364 3413 1452 3445 ex-

429 3488 761 3538 clamationes.

506 3585 554 3628 7.
589 3562 784 3612 Leniter
812 3573 873 3610 tr.
899 3556 1206 3607 voce-..lem
1229 3568 1388 3621 oport.
1419 3572 1452 3604 a

429 3663 648 3696 sermone
661 3677 786 3692 .....
800 3640 1047 3689 liberalem
1061 3638 1234 3703 jocum
1258 3652 1451 3685 vocem.

429 3728 540 3776 Sch.
575 3748 596 3769 ι
614 3724 784 3773 leviter
807 3714 1172 3769 tremebundam
1191 3732 1414 3765 vocem..
1428 3750 1440 3762 .

427 3808 670 3857 lenissime
713 3798 960 3867 oportebit
997 3814 1024 3844 a
1065 3812 1284 3845 sermone
1325 3799 1452 3844 serio

427 3901 658 3952 torquere
683 3882 744 3931 ad
771 3877 1016 3927 liberalem
1042 3878 1212 3937 iocum
1231 3898 1272 3923 -.
1299 3878 1450 3923 Erue.

431 3969 576 4015 stium
595 3999 610 4025 ,
639 3958 826 4025 iuquit,
847 3958 928 4005 hic
956 3954 1240 4003 offendebat
1249 3954 1422 4019 jocum
1438 3990 1452 4013 ,

431 4061 634 4097 vocem.
682 4042 752 4089 sic
788 4037 1018 4099 deinceps
1055 4036 1286 4099 positum.
1325 4034 1452 4083 Nam

431 4126 540 4191 quis
615 4120 777 4170 credat
805 4152 819 4176 ,
886 4126 1134 4164 auctorem
1208 4116 1453 4180 scripsisse

1544 2523 1730 2573 Leviter
1750 2522 1999 2586 oportebit.
2030 2523 2110 2570 Sic
2132 2523 2305 2587 scripsi
2334 2540 2425 2587 pro
2444 2522 2569 2573 leni-

1543 2614 1616 2653 ter
1635 2621 1663 2651 e
1696 2604 1819 2652 Mss
1847 2613 1896 2650 et
1931 2600 2046 2651 edd.
2076 2618 2153 2667 pr.
2180 2604 2336 2666 Supra
2371 2620 2569 2669 quoque

1544 2700 1637 2749 pro
1675 2682 1887 2729 «leniter
1926 2692 2069 2731 trem.
2092 2702 2115 2724 ι·
2152 2680 2294 2729 multi
2326 2680 2441 2729 libri
2476 2682 2563 2730 ha·

1544 2762 1664 2811 beut
1696 2762 1877 2810 leviter.
1916 2759 2014 2810 Sed
2042 2760 2196 2809 verbo
2234 2772 2371 2810 trem.
2400 2774 2569 2826 aptum

1546 2853 1618 2892 est
1637 2839 1831 2901 leniter,
1850 2850 1905 2889 nt
1926 2840 2081 2888 verbo
2101 2840 2362 2905 torquendi
2389 2840 2569 2893 leviter.

1547 2920 1606 2970 In
1629 2918 1727 2971 fine
1748 2937 1928 2970 vocem
1950 2930 2063 2983 post
2086 2920 2258 2985 jocum
2296 2937 2409 2969 sane
2429 2937 2570 2969 aures

1547 3018 1677 3050 meas
1704 3002 1937 3059 offendit3
1964 2998 2051 3047 sed
2070 3010 2143 3047 est
2168 3000 2221 3048 Iu
2246 2999 2385 3048 libris
2410 3002 2567 3049 omni·

1545 3078 1665 3139 bns,
1709 3091 1759 3129 et
1787 3092 2013 3145 torquere
2038 3078 2235 3127 videtur
2267 3078 2322 3129 id
2362 3079 2565 3129 verbum

1545 3164 1805 3225 requirere.
1833 3162 1968 3209 Eut.

1622 3240 1669 3287 8.
1716 3237 1885 3287 Mimae
1934 3235 2329 3285 cachinnationis.
2377 3236 2463 3285 Est
2507 3252 2570 3285 ex

1548 3335 1647 3367 uno
1692 3318 1784 3366 Ms
1833 3334 1862 3365 a
1912 3320 2122 3367 Grutero
2167 3315 2425 3364 inductum
2477 3332 2571 3380 pro

1543 3398 1744 3456 nimiae,
1786 3396 1921 3462 qnod
1951 3414 2065 3445 sane
2103 3394 2253 3444 verbo
2288 3394 2571 3461 suspicionis

1542 3494 1646 3527 uon
1682 3476 1941 3537 convenit3
1968 3476 2057 3525 sed
2080 3476 2242 3523 mimae
2265 3484 2569 3523 contractum

1543 3569 1616 3606 est
1668 3576 1693 3605 e
1740 3555 1976 3615 mimica,
2039 3554 2174 3619 quod
2234 3553 2568 3619 reponendum

1541 3650 1684 3702 pute.
1714 3636 1848 3684 Ean.
1898 3661 1967 3671 —
2013 3634 2131 3682 Sch.
2178 3650 2239 3681 ex
2278 3634 2571 3681 anctoritate

1543 3712 1754 3764 Ernestii
1805 3714 2025 3779 reposuit
2076 3714 2300 3762 mimicae.
2350 3712 2575 3761 Graevins

1542 3794 1765 3845 defendit
1784 3793 1970 3843 nimiae.
1986 3821 2057 3832 -
2076 3796 2150 3842 De
2178 3810 2229 3840 re
2252 3796 2441 3857 respice
2462 3808 2570 3855 cap.

1550 3874 1627 3925 15.
1658 3874 1804 3924 Conf.
1824 3874 1931 3922 Cic.
1958 3873 2019 3921 de
2051 3876 2189 3921 Orat.
2218 3874 2299 3933 11,
2330 3874 2393 3921 δι
2413 3906 2427 3930 ,
2466 3872 2571 3929 623

1544 3956 1616 4002 111
1642 3990 1655 4009 ,
1698 3951 1794 4015 593
1834 3954 1884 4011 1,
1928 3950 2029 4013 34,
2068 3948 2163 4010 28;
2207 3951 2414 4015 Quintil.
2442 3950 2570 4009 ΧΠ,

1548 4036 1593 4081 5.
1618 4036 1788 4081 Wsrz.

1616 4127 1666 4178 9.
1699 4116 1801 4160 Aue
1826 4127 1917 4175 per
1940 4109 2335 4159 distributionem.
2370 4107 2431 4155 ld
2469 4114 2569 4169 est,
