2982 4682
787 387 908 454 DE
958 385 1556 472 mmmmm,
1607 386 1868 454 LIBER
1917 388 1990 470 1,
2026 411 2090 479 9.
2364 384 2500 480 295

384 522 629 578 utrum
660 501 813 591 fur,
847 531 937 576 an
968 507 1349 602 sacrilegus
1367 510 1456 577 sit
1485 503 1940 600 judicandus.
1963 508 2141 576 Nam
2171 505 2244 575 id
2273 531 2504 602 quum

386 617 767 712 quaeritur,
824 638 1110 686 necesse
1164 616 1299 686 erit
1354 614 1655 686 definire
1711 629 2140 710 utrumque,
2194 615 2372 712 quid
2413 619 2506 688 sit

385 724 503 796 fur
521 780 540 811 ‚
563 723 739 822 quid
760 724 1177 821 sacrileguS,
1210 740 1283 796 et
1306 751 1433 797 sua
1460 724 1942 822 descriptione·
1967 721 2344 796 ostendere
2364 727 2506 797 alio

386 839 679 906 nomine
708 833 899 904 illam
929 858 1081 904 rem
1100 888 1121 921 ‚
1164 833 1254 906 de
1281 859 1423 932 qua
1452 837 1722 932 agitur,
1759 833 2466 932 appellarioportere
2485 892 2504 925 ‚

386 958 603 1040 atque
640 941 1023 1031 adversarii
1069 941 1311 1014 dicant
1336 954 1417 1012 ι9.

484 1057 605 1124 ΙΧ.
662 1052 817 1148 (x.)
868 1054 1163 1123 Generis
1216 1067 1325 1124 est
1382 1054 1906 1139 controversia,
1943 1077 2174 1148 quum
2213 1068 2286 1126 et
2331 1053 2505 1149 quid

397 1163 667 1234 factum
734 1165 864 1233 sit¹
893 1216 914 1248 ‚
976 1165 1349 1251 convenit,
1406 1178 1482 1240 et,
1538 1189 1688 1260 quo
1758 1162 1830 1233 id
1888 1162 2151 1234 factum
2209 1164 2505 1234 nomine

390 1272 731 1372 appellari
772 1286 1141 1369 oporteat,
1196 1288 1507 1361 constat3
1562 1290 1636 1344 et
1681 1262 1962 1360 tamen,
2006 1287 2393 1368 quantum,
2435 1287 2508 1343 et

390 1379 789 1478 cujusmodi
811 1434 830 1467 ‚
867 1396 939 1452 et
957 1384 1259 1453 omnino
1284 1384 1496 1479 quale
1523 1384 1648 1471 sit,
1679 1387 2046 1480 quaeritur,
2077 1382 2216 1453 hoc
2239 1383 2462 1453 modo
2489 1411 2508 1452 τ

388 1495 701 1576 histum,
739 1515 831 1562 an
871 1491 1261 1585 injustum;
1296 1493 1508 1579 utile,
1547 1518 1636 1563 an
1673 1493 1962 1580 inutile3
2013 1507 2086 1562 et
2119 1493 2398 1580 omnia,
2429 1495 2510 1561 in

388 1599 657 1698 quibus
674 1613 736 1688 ²,
762 1599 973 1696 quale
1004 1604 1096 1672 sit
1122 1601 1231 1686 id,
1266 1602 1464 1699 quod
1488 1601 1928 1690 factumest,
1962 1604 2328 1698 quaeritur,
2355 1602 2511 1673 sine

390 1710 535 1784 ulla
572 1713 885 1782 nominis
922 1717 1429 1784 controversia.
1693 1787 1735 1810 ‚-

486 1827 665 1894 Huic
692 1824 937 1920 generi
970 1826 1441 1919 Hermagoras
1479 1837 1720 1921 partes
1753 1836 2063 1918 quatuor
2089 1823 2536 1919 supposuit‚'

391 1931 955 2017 deliberativam,
999 1930 1633 2003 demonstrativam
1658 1986 1677 2019 ‚
1729 1931 2238 2026 juridicialem,
2283 1957 2504 2029 nego·

390 2042 653 2112 tialem.
701 2043 917 2132 Quod
972 2043 1163 2137 ejus,
1208 2059 1289 2112 ut
1334 2067 1465 2114 nos
1519 2057 1896 2140 putamus,
1950 2067 2100 2112 non
2145 2041 2508 2114 mediocre

392 2164 766 2248 peccatum
783 2151 1500 2248 ‚reprehendendum
1529 2150 1836 2238 videtur,
1855 2175 2104 2223 verum
2127 2150 2334 2222 brevi
2349 2146 2403 2239 3,
2419 2177 2516 2223 ne

394 2278 549 2349 aut,
586 2265 688 2334 si‘*
736 2262 927 2331 taciti
970 2265 1552 2360 praeterierimus,
1590 2267 1742 2332 sine
1777 2285 1984 2332 causa
2031 2285 2186 2331 non
2223 2265 2510 2358 sequuti

394 2398 561 2447 eum
602 2388 985 2470 putemur3
1027 2389 1180 2455 aut,
1220 2376 1280 2443 si
1316 2374 1586 2445 diutius
1625 2375 1700 2443 in
1753 2373 1888 2445 hoc
1939 2375 2472 2444 constiterimus
2496 2427 2513 2455 ‚

396 2507 667 2553 moram
705 2496 923 2577 atqne
958 2482 1549 2581 impedimentum
1581 2483 1874 2580 reliquis
1916 2485 2290 2581 praeceptis
2319 2486 2510 2552 intu-

395 2595 557 2667 lisse
589 2592 979 2663 videamur.

490 2704 564 2775 Si
602 2700 1024 2773 deliberatio
1063 2718 1137 2772 et
1176 2703 1698 2776 demonstratio
1742 2726 2004 2800 genera
2049 2716 2218 2773 sunt
2267 2724 2516 2772 causa-

394 2837 589 2899 rum,
627 2836 777 2881 non
813 2826 1117 2909 possunt
1153 2828 1344 2883 recte
1378 2810 1616 2910 partes
1653 2814 1952 2907 alicujus
1978 2812 2260 2909 generis
2290 2834 2516 2881 causae

397 2924 656 3021 putari.
693 2919 963 2993 Eadem
1001 2923 1195 2993 enim
1229 2947 1345 2992 res
1382 2924 1500 2993 alii
1537 2946 1766 3020 genus
1803 2946 1988 3008 esse,
2023 2920 2140 2991 alii
2185 2946 2347 3019 pars
2382 2943 2516 3016 po·

396 3047 576 3119 tes't3
621 3030 854 3101 eidem
883 3054 1109 3127 genus
1138 3055 1291 3103 esse
1320 3047 1393 3103 et
1419 3056 1584 3130 pars
1611 3057 1761 3102 non
1791 3046 2048 3129 potest.
2077 3028 2518 3132 Deliberatio

397 3156 675 3226 autem,
710 3155 782 3211 et
820 3140 1375 3229 demonstrati0‚
1404 3166 1664 3239 genera
1702 3157 1872 3212 sunt
1907 3165 2302 3212 causarum.
2341 3143 2518 3213 Nam

400 3268 523 3323 aut
562 3250 845 3321 nullum
886 3274 1109 3321 causae
1146 3274 1373 3346 genus
1401 3266 1546 3337 est,
1581 3267 1706 3323 aut
1731 3249 2068 3346 judiciale
2096 3251 2326 3321 solum
2347 3304 2367 3337 ‚
2401 3265 2525 3321 aut

410 3388 417 3395 ’
478 3423 556 3469 19·
582 3408 743 3469 Atque
765 3406 959 3453 advers.
974 3406 1165 3454 dicant.
1194 3406 1309 3473 Sine
1339 3406 1423 3453 du·
1511 3406 1594 3455 dat
1614 3422 1626 3455 :
1651 3428 1676 3449 α
1693 3418 1741 3455 et
1761 3408 1960 3455 omnino
1976 3442 1990 3467 ‚
2019 3408 2068 3453 in
2088 3423 2173 3469 q.»
2196 3422 2256 3455 ne
2273 3406 2528 3455 admonito

400 3488 487 3534 bio
506 3484 817 3535 scribendum
836 3496 911 3533 est
930 3483 1099 3533 dicant
1126 3500 1219 3549 pro
1250 3484 1419 3547 vulga-
1510 3485 1710 3550 quidem
1727 3486 1927 3535 lectore.

400 3578 455 3614 to
472 3565 659 3613 dicum.
683 3565 899 3613 Eanum.
914 3566 1137 3626 —Quem
1166 3560 1421 3612 Sehiitzins
1579 3565 1628 3613 3.
1677 3568 1856 3611 Verum
1875 3565 2019 3613 brevi·
2059 3564 2204 3611 Haud
2228 3566 2364 3613 aliter
2401 3582 2526 3627 quo-

402 3654 635 3708 sequutus
664 3652 755 3691 est.
1511 3660 1608 3707 que
1621 3643 1741 3691 Pau.
1755 3646 1908 3692 nostri
1925 3658 1938 3692 ε
1953 3644 2117 3707 itaque
2127 3658 2230 3691 non
2247 3655 2319 3691 est
2337 3654 2526 3691 mutan-

368 3718 391 3738 '
472 3726 541 3772 X.
578 3740 621 3771 ι.
646 3722 709 3769 Ee
727 3719 1051 3786 quidsaeeum
1067 3721 1131 3769 sie
1148 3758 1161 3781 ,
1184 3723 1420 3770 convenit.
1512 3721 1628 3769 dum
1651 3724 1704 3769 in
1736 3719 1950 3770 breviter.
1975 3724 2144 3771 Gnur.

402 3802 681 3861 sabinius,
702 3800 913 3865 «ecquid
940 3802 974 3849 s.
990 3818 1063 3849 sm
1078 3804 1423 3851 convenienter
1583 3810 1632 3854 4.
1677 3800 1753 3847 Ne
1785 3812 1898 3860 auc,
1919 3800 1979 3848 si.
2007 3800 2086 3847 Sic
2105 3816 2132 3847 e
2152 3802 2274 3848 MSS
2298 3798 2534 3859 dedimus,

408 3881 739 3947 superioribus
761 3896 871 3928 cum
892 3881 1057 3929 Lamb.
1076 3880 1425 3929 edidit.-}1u-
1515 3890 1561 3927 et
1578 3879 1682 3926 aliis
1697 3890 1747 3926 et
1766 3880 1944 3927 nostris
1955 3913 1970 3936 ‚
1985 3894 2076 3943 pro
2090 3894 2152 3924 ne
2165 3912 2182 3939 ,
2199 3878 2240 3925 si
2255 3888 2341 3925 am
2352 3876 2534 3940 :idque

404 3963 483 4021 jus
506 3959 853 4009 controversia
888 3961 1163 4023 exemplum
1202 3960 1349 4008 habes
1378 3962 1425 4007 in
1516 3974 1684 4007 sensus
1699 3958 1803 4023 ipse
1822 3958 1984 4005 docet.
2005 3960 2062 4003 In
2083 3958 2176 4004 Gu.
2201 3972 2222 4003 1
2242 3955 2376 4003 deest
2392 3957 2532 4003 etiam

410 4042 695 4089 Miloniana.
1521 4038 1658 4085 taciti
1677 4054 1702 4083 a
1737 4054 1802 4084 m.
1831 4054 1908 4101 pr.
1949 4035 2044 4082 Sed
2069 4034 2538 4099 supra'adscriptum

480 4138 527 4166 2.
556 4122 621 4167 Et
640 4115 833 4175 omnia,
878 4117 925 4164 in
956 4118 1146 4180 quibus.
1177 4118 1431 4167 schiuzius
1523 4126 1590 4163 est
1612 4116 1701 4163 alia
1729 4132 1902 4173 manu,
1937 4132 2022 4161 nec
2044 4130 2102 4161 eo
2123 4130 2246 4178 opus
2267 4126 2357 4164 est.
2383 4116 2509 4164 Eat«.
2549 4115 2556 4125 ⁴
