2982 4682
2057 376 2090 397 S

1176 492 1498 589 TQPICA
1522 543 1540 574 ‚
1592 513 1700 557 20.
2359 484 2446 557 55
2465 512 2486 555 ι

372 607 587 679 leno³
630 632 861 707 nuper
902 610 1156 681 accidit
1196 638 1211 680 ε
1258 614 1384 707 qui
1428 635 1511 681 ea
1549 611 1894 707 loquutus
1923 606 2296 697 est‚bonis
2329 610 2498 677 viris

372 718 1117 805 subauscultantibus,
1176 722 1447 817 pariete
1496 718 1952 815 interposito,
1996 714 2261 812 quibus
2301 729 2498 813 pate-

369 820 605 915 faciiS,
645 830 721 897 in
748 828 1247 926 judiciumque
1284 828 1620 926 prolatis,
1659 832 1762 899 rei
1809 827 2128 925 capitalis
2165 829 2327 920 jure
2371 824 2496 896 da-

368 950 657 1007 mnatus
702 950 831 1009 est.
872 940 1054 1009 Huic
1102 939 1335 1010 simile
1394 936 1740 1035 quiddam
1802 935 1892 1008 de
1958 934 2497 1007 Lacedaemonio

369 1047 759 1119 Pausania⁴
804 1050 1230 1146 accepimus.

463 1160 862 1229 Concursio
897 1174 1135 1230 autem
1170 1159 1638 1230 fortuitorum
1669 1158 1828 1229 talis
1861 1170 2002 1243 est,
2043 1171 2162 1241 ut,
2195 1156 2263 1244 si⁸
2285 1156 2500 1225 inter-

334 1280 661 1359 ·ventum
713 1282 819 1338 est
864 1292 1031 1339 casu
1056 1322 1075 1356 ‚
1122 1293 1349 1365 quum
1404 1282 1530 1339 aut
1575 1282 1906 1365 ageretur
1948 1266 2249 1364 aliquid,
2298 1264 2499 1361 quod

366 1373 879 1471 proferendum
919 1404 1067 1449 non
1103 1394 1321 1462 esset,
1356 1394 1481 1451 aut
1518 1377 1900 1449 diceretur.
1939 1380 2026 1447 In
2062 1377 2200 1447 hoc
2235 1398 2500 1472 genere

367 1488 581 1555 etiam
626 1486 745 1557 illa
790 1501 897 1558 est
945 1489 1025 1559 in
1068 1486 1562 1563 Palamedem⁵
1623 1489 1948 1581 conjecta
2005 1488 2498 1584 suspicionum

366 1594 793 1690 proditionis
824 1596 1215 1668 multitudo
1245 1626 1263 1668 ε
1299 1598 1500 1693 quod
1529 1622 1756 1695 genus
1789 1594 2101 1669 refutare
2131 1594 2496 1667 interdum

366 1706 623 1774 veritas
646 1710 763 1775 vix
794 1722 1049 1804 potest.
1088 1710 1319 1803 Hujus
1347 1710 1561 1779 etiam
1596 1710 1875 1804 generis
1912 1724 2021 1779 est
2046 1706 2234 1778 fama
2265 1706 2503 1802 vulgi,

368 1814 739 1910 quoddam
779 1818 1263 1889 multitudinis
1298 1814 1814 1889 testimonium.

463 1926 643 2015 Quae
660 1939 901 1996 autem
923 1928 1188 1999 virtute
1216 1927 1435 1999 fidem
1461 1925 1769 2014 faciunt,
1791 1951 1874 1997 ea
1899 1924 2272 2023 bipertita⁶
2291 1943 2492 1997 sunt:

367 2056 455 2105 ex
518 2032 784 2129 quibus
838 2036 1141 2106 alterum
1188 2052 1441 2108 natura
1488 2036 1708 2123 valet,
1769 2036 2070 2105 alterum
2119 2034 2490 2107 industria.

440 2196 488 2245 3.
521 2198 584 2242 Ue
619 2196 832 2245 scaleno.
868 2196 962 2245 Hic
998 2213 1194 2261 quoque
1232 2198 1384 2260 vulgo

366 2273 531 2323 editur
547 2272 743 2321 Staieno
770 2290 790 2321 .·
825 2275 913 2326 aed
942 2274 1063 2322 illud
1093 2292 1255 2323 verum
1283 2290 1385 2323 esse

325 2349 331 2356 '
371 2353 515 2403 docet.
538 2354 695 2402 oratio
730 2371 825 2418 pro
854 2357 1047 2404 Cluent.
1079 2371 1189 2421 cap.
1214 2374 1266 2417 7,
1296 2364 1383 2412 ²4.

366 2433 485 2481 vid.
502 2433 565 2481 ad
592 2436 725 2481 Brut.
755 2451 799 2483 c.
830 2435 916 2483 68.
942 2435 1069 2482 Edd.
1102 2447 1219 2484 vett.
1253 2451 1387 2498 qun·-

369 2511 479 2559 dam
499 2513 739 2573 &aler-io,
778 2525 833 2561 ut
872 2516 972 2579 ipsa
993 2517 1120 2562 Veu.
1157 2517 1286 2563 En.
1318 2541 1385 2550 —

240 2581 260 2594 ‘
366 2592 484 2640 Vid.
510 2594 649 2642 Verr.
701 2596 777 2652 11,
814 2596 905 2653 323
948 2594 1187 2644 Niebuhr.
1243 2597 1381 2656 Frag-

368 2685 421 2734 p.
451 2671 535 2730 57,
554 2672 707 2724 credit
730 2674 959 2725 omnihus
992 2675 1043 2720 in
1070 2673 1191 2721 locis
1222 2673 1385 2736 legeu-

368 2749 485 2797 dum
508 2763 611 2798 esse
639 2752 851 2800 Staieno.
880 2779 948 2790 --
970 2753 1049 2800 Illi
1076 2752 1295 2799 videmus
1324 2769 1385 2800 ex

369 2829 587 2877 Veri-iuis
622 2833 851 2894 grandem
882 2833 1135 2897 pecuniam
1168 2847 1196 2878 a
1230 2831 1384 2880 Statio

308 2953 315 2960 ,
370 2905 519 2956 Albio
528 2908 591 2955 ad
604 2911 989 2973 corrumpendos
1000 2911 1191 2970 judices
1210 2909 1385 2958 datam.

441 2995 490 3040 4.
508 2987 580 3032 De
600 2988 962 3036 Lacedaemonio
987 2991 1256 3036 Pausania.
1271 2993 1387 3038 Pau-

368 3065 524 3110 aauias
548 3064 955 3122 Lacedaemonius,
982 3083 1129 3129 quum
1147 3068 1207 3115 de
1232 3069 1384 3130 patria

368 3143 621 3189 Persarum
665 3142 767 3205 regi
814 3143 1047 3191 tradenda
1112 3146 1349 3208 cogitaret
1370 3179 1385 3202 ‚

368 3219 558 3284 Argilio
580 3220 969 3280 ,adolescentulo
1018 3221 1272 3286 epistolam
1322 3224 1387 3272 ad

368 3299 661 3348 Artabazum
698 3299 941 3382 serepdam
982 3300 1131 3347 dedit.
1170 3299 1385 3365 Argilius

366 3377 421 3426 iu
444 3379 767 3443 suspicionem
797 3378 931 3427 veuit
958 3379 1140 3442 aliquid
1167 3381 1221 3426 iu
1247 3397 1301 3427 ea
1322 3380 1385 3427 de

368 3471 419 3504 se
452 3473 553 3506 esse
582 3457 843 3521 suiptum,
864 3458 998 3522 quod
1030 3474 1176 3506 nemo
1214 3473 1385 3508 eorum

366 3535 614 3595 rediisset,
646 3537 731 3600 qui
758 3553 904 3602 super
929 3537 1011 3585 tali
1044 3553 1183 3586 causa
1211 3538 1383 3588 eodem

367 3615 499 3662 missi
518 3626 655 3662 erant
674 3630 687 3663 :
712 3616 950 3679 resignata
968 3617 1173 3680 epistola
1194 3635 1380 3682 cogno-

368 3693 467 3752 vit,
502 3695 543 3740 si
582 3695 884 3758 pertulisset,
920 3695 1014 3744 sihi
1047 3712 1149 3743 esse
1174 3713 1384 3761 pereun-

367 3770 504 3820 dum.
524 3773 672 3820 Erant
694 3773 743 3819 in
762 3773 927 3822 eadem
946 3774 1179 3838 epistola,
1196 3792 1307 3840 quae
1319 3777 1383 3825 ad

364 3865 419 3896 ea
450 3849 781 3912 pertinebant,
801 3867 909 3914 quse
934 3853 1062 3900 inter
1088 3867 1247 3915 regem
1258 3857 1383 3902 Pau·

368 3928 646 3992 saniemque
675 3941 1015 3979 convenerant.
1036 3935 1135 3981 Has
1159 3931 1239 3980 ille
1270 3932 1380 3982 lite-

366 4023 443 4056 ras
466 4006 671 4072 Ephori·
689 4008 904 4072 tradidit,
922 4011 1005 4074 qui
1018 4010 1265 4074 Argilium
1274 4011 1377 4072 jua-

368 4097 533 4134 serunt
550 4086 613 4134 ad
632 4103 763 4136 aram
782 4089 833 4136 iu
846 4087 1009 4136 fanum
1029 4091 1245 4154 Neptuni
1266 4105 1382 4138 con-

370 4165 535 4228 fugere
558 4181 571 4216 :
603 4165 767 4214 locum
792 4177 953 4214 autem
979 4165 1071 4216 sub
1098 4179 1222 4217 terra
1254 4169 1379 4216 fece-

372 4254 509 4302 rant,
537 4259 599 4292 ex
634 4259 735 4308 quo
769 4256 937 4312 posset
972 4245 1155 4306 audiri,
1196 4247 1235 4294 ai
1271 4246 1381 4312 quia

1473 2197 1592 2260 quid
1621 2197 1902 2260 loqueretur
1923 2212 2034 2243 cum
2067 2196 2274 2258 Argilio;
2307 2197 2405 2244 huc
2435 2214 2498 2245 ex

1473 2276 1683 2341 Ephori·
1721 2276 1928 2339 quidam.
1961 2276 2334 2325 descenderunt.
2371 2278 2496 2324 Pau·-

1469 2357 1628 2404 sauias
1648 2356 1816 2405 audita
1843 2373 1982 2404 causa
2016 2373 2104 2405 cur
2125 2357 2348 2418 Argilius
2373 2373 2494 2421 sup·

1472 2435 1592 2500 plex
1616 2436 1665 2482 iu
1689 2452 1766 2482 ara
1796 2435 1999 2494 sederet,
2027 2435 2334 2500 perturbatus
2354 2453 2492 2484 orare

1472 2515 1603 2577 cepit
1621 2549 1634 2572 ,
1655 2531 1716 2560 nc
1737 2514 1855 2576 quid
1885 2514 2154 2561 enuntiaret
2169 2548 2183 2570 ,
2205 2530 2296 2561 uec
2323 2530 2374 2562 se
2395 2531 2493 2562 me-

1472 2595 1620 2640 ritum
1669 2593 1730 2640 de
1779 2594 1864 2640 illo
1899 2595 2086 2656 optime
2123 2593 2368 2656 proderet.
2407 2596 2498 2641 Hie

1472 2673 1708 2735 coguitis,
1729 2671 1915 2734 Ephori
1939 2671 2190 2720 hominem
2213 2687 2303 2720 suo
2324 2672 2497 2718 couvi.-

1474 2762 1604 2796 ctum
1647 2751 1922 2812 testimonio
1940 2785 1954 2806 ‚
1995 2751 2046 2795 iu
2095 2751 2198 2797 aede
2249 2751 2492 2798 Minerva>

1472 2829 1755 2876 conclusum
1796 2829 1916 2874 fame
1953 2839 2245 2888 enecatum,
2281 2845 2412 2876 auno
2453 2845 2496 2876 ιι

1472 2905 1660 2969 olymp.
1689 2921 1903 2954 mvnr.
1926 2905 2212 2970 Thucydid.
2238 2907 2328 2956 lib.
2361 2910 2414 2965 1,
2445 2917 2496 2956 et

1472 2983 1729 3032 Cornelius
1752 2985 1936 3047 Nepos.
1969 2986 2150 3032 Pnusr.

1548 3065 1668 3111 §.In
1685 3063 2011 3109 Palamedem.
2035 3063 2127 3110 Hic
2149 3062 2358 3127 Ulysaia,
2377 3065 2468 3128 qni
2482 3100 2498 3124 ,

1472 3156 1535 3188 ue
1557 3141 1620 3187 ad
1651 3141 1830 3188 bellum
1857 3141 2122 3202 Troianum
2159 3141 2492 3205 proficiscere-

1472 3228 1568 3274 tur,
1596 3219 1826 3268 insaniam
1851 3221 2136 3282 simulabat,
2163 3222 2382 3270 fraudem
2403 3224 2485 3270 de-

1472 3298 1608 3347 texit.
1640 3298 1862 3348 Iri-itatus
1894 3297 2100 3348 subinde
2129 3300 2330 3364 Ulysses
2365 3318 2485 3366 sup-

1470 3376 1713 3440 posititias
1753 3378 1928 3424 Priami
1970 3377 2032 3426 ad
2080 3378 2380 3428 Palamedem
2433 3381 2494 3428 de

1472 3456 1739 3520 prodendis
1761 3457 1942 3506 Graeci·
1963 3457 2125 3507 literas
2137 3457 2294 3522 fingit,
2315 3461 2496 3524 quibua

1470 3551 1696 3599 maguam
1719 3535 1938 3597 pecuniae
1968 3535 2066 3584 vim
2095 3538 2286 3586 mittere
2311 3555 2362 3587 se
2388 3541 2492 3586 aie-

1472 3613 1556 3662 bat
1600 3615 1832 3662 Priamus.
1879 3617 2148 3664 Accusatur
2192 3618 2492 3678 Palamedes,

1472 3693 1626 3761 cujus
1649 3692 1838 3740 interim
1861 3695 1914 3740 iu
1939 3695 2152 3741 tentorio
2171 3697 2274 3744 auci
2293 3697 2490 3760 pondus

1471 3771 1640 3819 furtim
1679 3770 1841 3818 infodi
1869 3783 2117 3819 curaverat
2149 3773 2364 3837 Ulysses.
2393 3776 2490 3824 mo

1468 3849 1603 3897 illius
1619 3865 1808 3896 causam
1831 3849 1954 3897 tueri
1974 3865 2026 3896 se
2042 3850 2255 3910 simulat,
2271 3869 2361 3900 uec
2374 3866 2488 3903 aute

1471 3927 1801 3976 damnandum
1830 3928 2084 3975 contendit
2102 3963 2117 3987 ,
2146 3946 2292 3992 quam
2319 3948 2490 3980 aurum

1469 4023 1497 4055 a
1521 4008 1711 4054 Priamo
1729 4008 1926 4054 missum
1943 4008 2247 4071 reperiretur.
2266 4011 2398 4058 Auro
2418 4027 2493 4059 re-

1468 4099 1611 4151 perto
1638 4086 1912 4135 Palamedes
1937 4087 2076 4150 quasi
2101 4103 2212 4135 reus
2249 4088 2496 4154 lapidibus

1470 4165 1674 4216 obrutus
1698 4179 1786 4216 est.
1814 4168 2008 4214 Servius
2027 4168 2078 4212 in
2106 4168 2156 4214 11
2175 4169 2283 4215 AEn.
2309 4171 2495 4219 raus-r.

1543 4247 1592 4294 6.
1617 4244 1872 4310 ,Εἶρα-τίω.
1895 4247 2010 4319 ξω.
2037 4245 2235 4295 Lallem.
2250 4247 2498 4314 bipartita.
