2982 4682
474 332 569 428 96
1157 330 1259 399 M.
1310 274 1387 399 T.
1441 330 1930 401 CICERONIS

471 472 557 529 ut
578 510 597 543 ‚
640 460 701 526 si
743 456 907 553 quis
948 467 1211 550 potens
1254 474 1337 525 ac
1384 450 1728 523 factiosus
1774 454 1848 522 in
1904 454 2256 523 concione
2299 450 2602 524 dix'erit:

472 598 509 633 t(
542 567 777 637 Satius
818 578 927 635 est
964 565 1068 633 uti
1106 560 1481 658 regibust,
1527 586 1746 657 quam
1787 562 1986 633 malis
2019 560 2300 659 legibus
2328 594 2385 634 n.
2422 568 2602 637 Nam

471 693 545 747 et
574 676 721 747 hoc
740 676 1027 745 tametsi
1058 673 1160 743 rei
1190 672 1538 769 augendae
1559 682 1588 713 ²
1626 696 1836 743 causa
1873 686 2113 771 potest
2149 676 2306 743 sine
2335 674 2604 747 malitia

470 787 658 873 dici,
706 800 949 857 tamen
988 797 1287 881 propter
1341 783 1739 880 potentiam
1787 780 1973 875 ejus,
2024 783 2154 879 qui
2199 781 2409 870 dicit,
2454 808 2606 854 non

468 897 731 968 dicitur
796 895 951 965 sine
1020 893 1245 963 atroci
1300 888 1778 990 suspicione-²⁵.
1836 894 2020 963 Item
2067 891 2403 963 vitiosum
2461 909 2604 979 est,

468 1006 695 1095 falsis,
740 1018 867 1075 aut
908 999 1329 1097 vulgaribus
1378 998 1932 1072 definitionibus
1985 994 2117 1071 uti.
2174 1000 2388 1073 Falsae
2432 1018 2602 1073 sunt

467 1113 923 1213 hujusmodi,
952 1126 1036 1184 ut
1065 1112 1121 1182 si
1155 1112 1320 1208 quis
1352 1108 1585 1182 dicat‘*
1605 1166 1624 1197 ‚
1660 1140 1694 1175 «
1719 1110 2068 1207 Injuriam
2105 1135 2258 1181 esse
2295 1112 2597 1197 nullam,

466 1227 603 1297 nisi
642 1250 802 1323 quae
856 1248 946 1294 ex
984 1221 1433 1321 pulsatione,
1478 1236 1604 1292 aut
1648 1222 1975 1292 con'vicio
2025 1234 2307 1292 constet
2339 1222 2597 1292 »Nul-

464 1332 718 1437 gares5
756 1348 959 1422 sunt,
992 1356 1155 1430 quae
1192 1330 1661 1403 nihilominus
1689 1332 1766 1401 in
1803 1330 2016 1401 aliam
2055 1354 2210 1402 rem
2231 1329 2599 1403 transferri

466 1459 773 1546 possunt
805 1470 821 1513 ε
850 1458 930 1514 ut
957 1444 1015 1513 si
1034 1442 1197 1541 quis
1218 1442 1407 1514 dicat
1424 1496 1443 1529 ‚
1472 1471 1508 1507 α
1528 1436 2140 1539 Quadruplator⁶,
2181 1454 2262 1511 ut
2284 1438 2598 1513 breviter

468 1554 865 1629 describam
886 1608 906 1641 ,
934 1552 1255 1652 capitalis
1291 1565 1437 1622 est:
1470 1566 1578 1622 est
1607 1552 1801 1623 enim
1829 1548 2208 1649 improbus
2230 1606 2249 1637 ‚
2277 1565 2351 1622 et
2379 1556 2598 1651 pesti-

469 1662 579 1736 fer
618 1664 864 1735 civis».
902 1666 1088 1735 Nam
1136 1660 1366 1732 nihilo
1412 1663 1638 1760 magis
1690 1659 2312 1760 quadruplatoris,
2378 1687 2596 1759 quam

468 1774 683 1863 furiS‚
727 1797 947 1870 quam
978 1772 1252 1860 sicarii,
1286 1786 1409 1843 aut
1437 1771 1868 1870 proditoris,
1913 1770 2153 1842 attulit
2175 1784 2202 1828 7
2235 1770 2596 1845 definitio-

468 1910 659 1957 nem.
695 1887 876 1956 Item
903 1884 1237 1953 vitiosum
1268 1896 1376 1953 est
1405 1906 1543 1981 pro
1577 1897 2004 1980 argumento
2036 1906 2352 1967 sumere,
2394 1885 2592 1982 quod

465 2000 545 2067 in
598 1992 1101 2092 disquisitione
1144 1994 1463 2091 positum
1510 2008 1617 2065 est
1672 2020 1689 2062 ε
1739 2009 1819 2063 ut
1859 1994 1919 2065 sl
1963 1996 2126 2090 quis
2164 2018 2382 2091 quem
2421 1992 2596 2066 furti

461 2120 755 2204 arguat,
800 2120 873 2175 et
911 2100 1183 2190 dicat⁸‚
1236 2134 1271 2168 α
1298 2126 1467 2175 eum
1514 2127 1670 2175 esse
1713 2102 2086 2174 hominem
2139 2104 2594 2201 improbum,

414 2269 419 2277 -
462 2241 753 2288 avarum
774 2269 793 2300 ‚
812 2212 1358 2285 fraudulentum
1381 2240 1401 2301 ;
1429 2215 1495 2285 ei
1524 2216 1629 2285 rei
1653 2213 2147 2286 testimonium
2169 2238 2324 2285 esse
2345 2269 2364 2301 ‚
2389 2216 2592 2312 quod

461 2326 599 2400 sibi
637 2325 913 2400 furtum
955 2322 1205 2397 fecerit
1235 2355 1290 2394 ι).
1347 2327 1529 2396 Item
1584 2324 1920 2398 vitiosum
1973 2337 2115 2410 est,
2169 2338 2589 2398 controver-

530 2575 725 2622 xxvl.
770 2587 815 2622 1.
866 2570 946 2619 Uei
982 2571 1185 2636 regibus.
1218 2569 1479 2620 Lambinus

464 2654 627 2707 miuus
644 2662 761 2718 apte
782 2675 808 2695 α
826 2653 898 2700 uti
914 2651 1061 2700 bouis
1078 2649 1273 2714 regibus
1288 2671 1311 2695 ι
1328 2685 1345 2700 .
1363 2653 1478 2701 Sca.

530 2749 579 2781 α.
612 2731 700 2779 λεί
735 2729 1002 2796 augenda.
1032 2729 1177 2778 Edidi
1198 2729 1438 2795 augenda.-
1460 2763 1477 2790 ,

456 2811 593 2877 quod
614 2811 739 2859 Mss
762 2825 956 2871 omuee,
984 2820 1035 2858 et
1062 2808 1175 2858 edd.
1200 2825 1282 2874 pr.
1309 2809 1481 2874 plera·

458 2909 553 2957 que
590 2889 787 2938 habent.
821 2890 977 2938 Vetus
1013 2887 1279 2953 arguenda
1322 2888 1479 2937 edidit

456 2973 603 3020 etiam
626 2968 917 3028 lambiumu
958 2967 1095 3032 quod
1134 2967 1217 3015 hie
1252 2983 1476 3016 eommo-

457 3051 573 3098 dum
608 3065 801 3096 aeneum
845 3063 951 3096 uon
992 3047 1156 3096 habet.
1182 3045 1310 3095 Mss
1338 3047 1477 3096 Cort.

453 3129 641 3178 habent
662 3126 895 3192 agendae,
931 3136 987 3174 ut
1012 3125 1302 3174 Gulielmius
1320 3128 1477 3188 eonii·

452 3208 633 3258 ciebat.
664 3205 759 3256 Sed
785 3205 1025 3271 augenda!
1050 3215 1127 3253 eat
1149 3206 1327 3270 aptius.
1346 3207 1477 3254 Eut.

450 3304 597 3353 quem
630 3283 833 3334 Schiitz.
862 3283 1058 3350 probat.
1088 3309 1159 3322 -
1192 3285 1477 3350 Arguendoe

456 3369 654 3415 Gruter.
1282 3419 1293 3432 ,

522 3447 573 3493 3.
608 3442 783 3491 Act-oei
800 3441 1086 3506 suspicione.
1106 3443 1229 3505 Quae
1254 3443 1473 3491 omnium

448 3528 635 3571 animo·
658 3522 715 3568 iu
736 3523 897 3586 ipsum
917 3522 1111 3570 excitet.

522 3613 573 3658 4.
605 3603 667 3648 Ue
700 3600 742 3648 si
773 3600 883 3665 qm's
910 3600 1063 3649 dicat.
1096 3602 1222 3650 MSS
1246 3599 1470 3664 quidam,

445 3681 589 3730 etiam
638 3680 793 3728 nostri
811 3714 827 3739 ‚
880 3679 997 3729 edd.
1058 3680 1189 3740 1475
1206 3715 1222 3739 ‚
1263 3679 1469 3728 Medion.

446 3773 677 3823 utraque,
716 3762 855 3810 Junt.
882 3759 997 3808 Ald.
1038 3770 1130 3808 ete.
1156 3758 1345 3807 addunt
1372 3770 1427 3808 ue
1450 3795 1467 3822 ,

448 3838 584 3904 quod
624 3839 803 3903 recepi.
836 3839 917 3886 stc
952 3838 1079 3887 enim
1116 3849 1283 3886 noster
1304 3855 1433 3903 προ
1450 3873 1467 3897 ,

444 3920 537 3968 etsi
554 3935 655 3968 nou
674 3929 749 3967 est
764 3919 1103 3967 neceesarium.
1122 3917 1246 3967 vid.
1268 3917 1393 3965 iusta
1417 3933 1461 3966 e.

442 4013 527 4060 τις).
544 4000 753 4046 Eun—
775 3999 837 4044 Ue
848 3997 986 4046 eheat
1002 3995 1119 4045 edd.
1148 3997 1281 4058 1476
1294 4031 1309 4055 ‚
1326 3997 1463 4046 Med.

446 4079 578 4140 ¹⁴9⁸
598 4112 615 4134 .
646 4087 697 4125 et
722 4077 919 4126 Gruter.

1641 2571 1690 2620 5.
1737 2571 1976 2637 Vulgum
1998 2571 2170 2620 eodem
2201 2587 2346 2620 seusu
2378 2587 2480 2636 quo
2509 2589 2588 2621 au·

1565 2666 1684 2716 pra,
1709 2666 1817 2715 cap.
1844 2653 1928 2700 25.

1636 2731 1689 2778 6.
1732 2730 2114 2795 Quadmplacer.
2161 2733 2234 2779 Ita
2277 2731 2585 2780 vocabantur

1565 2807 1800 2856 seelerum
1827 2807 2134 2873 publicorum
2171 2807 2444 2870 delatores,
2471 2811 2586 2874 quia

1565 2898 1784 2950 quartam
1801 2887 2043 2936 bonorum
2060 2900 2246 2953 partem
2257 2922 2272 2948 ‚
2297 2889 2372 2936 vel
2390 2890 2585 2940 mulcta>

1561 2983 1660 3030 qua
1685 2967 1900 3016 damuati
1919 2969 2254 3032 plectebantur
2277 2968 2582 3020 obtinebant.

1563 3046 1692 3094 Vide
1711 3048 1980 3096 Aecouiun
2013 3049 2064 3095 in
2085 3047 2254 3098 Caecil.
2277 3065 2386 3113 eap.
2421 3067 2446 3110 7
2471 3065 2489 3113 ς
2527 3051 2584 3098 iu

1564 3127 1704 3176 Verr.
1729 3127 1820 3186 IV,
1843 3143 1903 3188 73
1927 3129 2150 3176 Gronov.
2177 3127 2238 3176 de
2257 3127 2450 3178 Sestert.
2470 3145 2582 3194 pag.

1565 3219 1626 3267 27
1640 3222 1681 3252 ι.
1707 3207 1886 3254 Seneca
1901 3205 2142 3255 deBeues.
2165 3208 2260 3255 vn
2277 3241 2293 3267 ‚
2319 3210 2384 3258 25
2401 3243 2420 3266 ‚
2447 3231 2470 3250 .
2489 3211 2582 3258 Be·

1559 3281 1848 3333 nesseiorun
1859 3301 2059 3334 auorum
2081 3285 2542 3351 quadruplatoribus
2555 3311 2580 3330 ι-

1557 3379 1649 3428 per
1675 3363 2038 3412 translationem
2064 3365 2200 3414 dicit.

1633 3459 1684 3504 ⁸7.
1716 3443 1898 3492 Attulit
1913 3443 2259 3511 definitionem.
2297 3443 2580 3494 Praecedens

1558 3522 1698 3570 dicae
1713 3533 1764 3572 et
1785 3523 1936 3572 forma
1960 3525 2196 3571 orationis
2225 3523 2430 3587 requirit
2451 3537 2580 3574 attu-

1557 3602 1670 3650 lerit
1689 3635 1707 3662 ,
1743 3613 1892 3666 atque
1917 3603 1988 3650 aie
2011 3589 2270 3666 legeu‘dum
2293 3613 2430 3666 puto.
2449 3605 2578 3654 Eu.

1629 3682 1678 3728 8.
1727 3683 1878 3744 Quem
1905 3679 2038 3746 funi
2080 3693 2261 3746 arguat
2279 3715 2294 3740 ,
2333 3695 2383 3728 et
2423 3682 2576 3731 dicas.

1555 3759 1744 3807 Addidi
1765 3771 1854 3807 ece
1867 3762 1993 3809 MSS
2021 3771 2230 3824 quatuor
2245 3771 2296 3808 et
2311 3760 2390 3809 ed.
2416 3770 2546 3822 1474
2559 3795 2576 3820 ‚

1554 3838 1689 3887 Med.
1729 3837 1903 3902 prima.
1943 3839 2068 3888 Nam
2120 3840 2218 3887 hoe
2253 3841 2574 3888 neceesarium

1553 3928 1650 3976 eat,
1677 3919 1774 3964 uisi
1791 3918 1928 3966 malie
1951 3929 2038 3966 aut
2053 3935 2162 3965 eum
2181 3917 2318 3968 dicae
2333 3917 2542 3968 scrihere
2553 3953 2572 3978 ,

1551 4007 1637 4044 aut
1659 4013 1767 4044 eum
1803 4008 1913 4060 poet
1950 3995 2086 4045 dicae
2115 3998 2303 4056 delere,
2337 3999 2472 4062 quod
2501 4011 2572 4048 ta·

1551 4091 1661 4122 men
1695 4075 1747 4122 in
1773 4075 2000 4125 omuibus
2025 4077 2160 4126 libris
2183 4089 2273 4128 eat.
2301 4079 2426 4127 Eiur-
