2982 4682
453 335 596 418 408
1127 337 1228 404 M.
1279 337 1360 402 Τ.
1409 275 1897 402 (ΞῙΟΕΒΟΝΙδ

451 469 598 526 tam
634 455 932 552 gloriam
973 469 1589 551 consequuturam
1636 453 2057 523 existimarit
2088 477 2107 518 ε
2142 453 2319 522 item
2356 453 2417 521 si
2448 450 2579 523 do-

453 564 904 650 minationis,
943 563 1004 636 εἰ
1027 567 1388 660 pecuniae,
1431 565 1495 635 si
1520 563 1880 646 amicitiai,
1916 561 1977 630 si
2002 561 2573 650 inimicitiarum3

458 686 532 742 et
563 672 866 743 omnino
902 671 1262 768 quidquid
1295 674 1464 756 erit,
1502 671 1707 769 quod
1728 694 1955 741 causae
1990 667 2207 740 fuisse
2238 670 2471 756 dicet,
2500 672 2573 743 id

455 806 692 852 summ
725 807 766 852 e
793 791 1092 877 augere¹
1171 780 1489 852 debebit.
1548 787 1639 852 Et
1700 781 1845 852 hoc
1908 805 2073 850 eum
2138 803 2577 876 magnopere

459 891 914 962 considerare
951 889 1352 989 oportebit,
1401 917 1551 962 non
1590 891 1769 989 quid
1814 892 1888 962 in
1932 891 2275 961 veritate²
2320 890 2577 975 modo,

457 1024 708 1073 verum
747 1003 962 1072 etiam
1001 1000 1539 1088 vehementiuS,
1590 1000 1770 1097 quid
1832 1003 1909 1070 in
1979 999 2325 1097 opinione
2382 1001 2569 1094 ejuS,

465 1127 690 1207 quem
725 1125 1016 1207 arguet,
1069 1108 1307 1182 fuerit.
1351 1112 1546 1182 Nihil
1582 1114 1777 1182 enim
1818 1108 2073 1198 refert,
2116 1134 2265 1180 non
2313 1108 2531 1182 fuisse
2548 1121 2599 1198 ,⁸

455 1235 583 1290 aut
639 1244 792 1292 non
843 1244 998 1290 esse
1043 1219 1318 1316 aliquid
1362 1220 1763 1310 commodi,
1816 1235 1939 1291 aut
1981 1217 2459 1305 incommodi,
2514 1224 2573 1290 si

455 1330 739 1400 ostendi
781 1344 1053 1426 potest,
1119 1331 1186 1400 ei
1245 1334 1480 1402 visum
1534 1355 1729 1416 esse,
1785 1331 1911 1427 qui
1973 1343 2333 1428 arguatur.
2390 1333 2573 1402 Nam

455 1439 709 1535 opinio
744 1437 1131 1536 dupliciter
1168 1436 1351 1510 fallit
1391 1439 1763 1528 homines3
1801 1463 2027 1536 quum
2066 1453 2190 1510 aut
2212 1463 2329 1510 res
2364 1437 2575 1508 alius-

453 1544 652 1616 modi
695 1561 836 1633 est,
876 1570 958 1617 ac
1003 1563 1336 1644 putatur,
1375 1565 1500 1619 aut
1544 1575 1693 1621 non
1738 1551 1799 1622 is
1840 1563 2139 1621 eventus
2176 1563 2321 1636 est,
2353 1571 2570 1644 quem

453 1653 780 1726 arbitrati
815 1670 1008 1728 sunt.
1053 1661 1194 1728 Res
1235 1659 1615 1730 aliusmodi
1660 1675 1767 1732 est
1806 1675 2001 1747 tum,
2046 1683 2275 1756 quum
2308 1673 2435 1728 aut
2462 1656 2575 1745 id,

455 1763 654 1862 quod
699 1765 978 1838 bonum
1017 1784 1170 1854 est,
1215 1770 1486 1840 malum
1540 1785 1834 1868 putant3
1878 1785 2003 1841 aut
2042 1784 2332 1854 contra,
2376 1767 2576 1864 quod

451 1875 720 1946 malum
763 1892 906 1964 est,
950 1876 1274 1967 bonum3
1333 1897 1460 1952 aut
1516 1880 1717 1977 quod
1764 1904 1901 1952 nec
1942 1879 2209 1949 malum
2256 1893 2396 1965 est,
2442 1901 2577 1948 nec

453 1981 767 2072 bonum,
797 1987 1108 2074 malum,
1159 2004 1282 2060 aut
1323 1987 1648 2076 bonum3
1700 2004 1825 2061 aut
1866 1989 2064 2086 quod
2108 1987 2376 2059 malum
2400 2041 2419 2074 ,
2454 2002 2575 2058 aut

451 2091 734 2165 bonum
771 2109 915 2183 est,
960 2121 1096 2167 nec
1135 2100 1434 2184 malum,
1477 2123 1615 2170 nec
1647 2098 1949 2170 bonum.

550 2211 706 2276 Hoc
741 2205 1143 2293 intellect0‚
1193 2209 1252 2279 si
1303 2211 1468 2305 quis
1516 2209 1843 2306 negabit,
1890 2208 2113 2279 ullam
2154 2231 2309 2280 esse
2360 2229 2575 2303 pecu-

452 2316 676 2403 niam,
715 2313 948 2389 fratrIS
975 2332 1103 2392 aut
1137 2319 1343 2390 amici
1375 2319 1517 2401 vita
1539 2373 1559 2406 ‚
1606 2334 1730 2391 aut
1771 2317 2086 2418 denique
2122 2315 2361 2390 officio
2394 2321 2577 2387 anti-

453 2420 862 2522 quioremss,
905 2442 1030 2497 aut
1093 2432 1535 2516 suaviorem,
1598 2453 1747 2500 non
1796 2432 1933 2499 erit
1995 2428 2133 2500 hoc
2186 2430 2575 2499 accusatori

453 2536 890 2631 negandum.
939 2540 1121 2609 Nam
1169 2540 1242 2607 in
1285 2564 1451 2609 eum
1494 2540 1749 2637 culpa,
1804 2553 1876 2611 et
1927 2564 2289 2611 summum
2329 2538 2577 2610 odium

454 2643 948 2732 transferetur,
992 2648 1116 2743 qui
1163 2647 1274 2735 id,
1317 2648 1523 2744 quod
1566 2663 1713 2719 tam
1760 2673 1927 2721 vere
1971 2663 2044 2721 et
2088 2650 2205 2746 pie
2263 2647 2581 2731 dicetur,

455 2752 765 2851 negabit.
788 2758 1060 2827 Verum
1097 2756 1277 2828 illud
1315 2757 1701 2829 dicendum
1738 2764 1913 2847 erit,
1940 2759 2085 2828 iui⁴
2116 2784 2267 2830 non
2302 2782 2454 2830 esse
2482 2762 2576 2829 ita

453 2865 684 2935 visum
728 2891 743 2935 :
787 2865 984 2963 quod
1019 2869 1207 2936 sumi
1239 2883 1533 2965 oportet
1556 2865 1589 2911 ⁵
1618 2894 1707 2941 ex
1742 2870 1855 2956 iis,
1890 2894 2054 2965 quae
2082 2870 2171 2943 ad
2198 2890 2577 2969 personam

455 2974 853 3069 pertinent,
895 2975 988 3047 de
1033 3001 1193 3072 quo
1225 2992 1390 3073 post
1432 2977 1827 3051 dicendum
1866 2993 1994 3051 est.

552 3086 705 3153 vll.
747 3088 1062 3156 Eventus
1095 3102 1336 3157 autem
1367 3101 1523 3157 tum·
1555 3085 1769 3175 fallit,
1806 3110 2032 3185 quum
2062 3088 2273 3159 aliter
2292 3086 2578 3174 accidit,

455 3204 676 3286 atque
703 3192 792 3277 ii,
829 3194 956 3288 qui
982 3209 1409 3291 arguuntur,
1427 3194 1755 3267 arbitrati
1792 3220 1950 3270 esse
1982 3196 2367 3269 dicuntur¹
2400 3224 2417 3269 ε
2461 3211 2585 3283 ut,

525 3406 612 3455 VI.
645 3423 686 3455 ι.
725 3406 794 3455 Id
825 3422 1006 3457 summo
1043 3424 1225 3474 augore
1260 3408 1468 3461 debebit.
1561 3412 1729 3459 Sermo
1754 3421 1827 3460 est
1852 3410 1915 3459 do
1936 3420 2111 3475 genere
2136 3409 2191 3457 in
2218 3410 2339 3459 loco
2364 3424 2584 3459 comn-

451 3486 538 3535 Cl'.
561 3484 626 3534 ad
650 3488 767 3536 Her.
793 3488 860 3545 11,
888 3488 942 3535 3.
1562 3490 1615 3538 ni
1630 3507 1645 3549 ς
1662 3502 1717 3539 et
1739 3506 1795 3537 ea
1812 3489 1973 3539 oratio
1990 3505 2091 3537 non
2115 3488 2261 3537 debet
2278 3486 2583 3553 reprehendit

527 3582 577 3615 a.
603 3564 833 3615 Verium.
849 3564 1118 3615 wetzelim
1138 3582 1286 3631 prave
1305 3568 1475 3617 admo-
1563 3568 1701 3617 Ean.
1721 3595 1791 3605 -
1813 3570 1971 3630 Quem
1993 3568 2173 3631 probat
2196 3564 2397 3617 Subiitz.

456 3646 572 3699 dum
601 3645 942 3711 interpretatur
961 3646 1255 3711 vetesano.
1279 3649 1394 3697 Nou
1413 3648 1476 3697 dn
1636 3655 1688 3703 4.
1718 3647 1800 3697 11Ιὶ
1822 3664 1923 3695 non
1960 3666 2004 3698 e.
2042 3648 2123 3697 a'ea
2142 3646 2326 3697 visum.
2355 3645 2465 3705 nli,
2486 3645 2587 3694 hoc

457 3725 558 3773 ullo
580 3724 712 3773 facto
729 3760 744 3783 ‚
773 3724 863 3775 ned
888 3724 948 3773 de
975 3735 1145 3773 natura
1171 3725 1380 3787 alicujus
1405 3728 1475 3775 rei
1568 3736 1641 3775 est
1659 3762 1676 3789 ,
1711 3742 1811 3773 reo.

455 3802 760 3869 agitur-‚Vide
785 3804 1006 3869 exempla
1029 3820 1139 3868 qun
1166 3814 1454 3867 sequuntur.
1641 3806 1688 3853 5.
1721 3803 1869 3867 Quod
1910 3804 2041 3851 sumi
2078 3813 2287 3869 oportet.
2330 3800 2587 3853 Schisma·

527 3884 578 3931 ⁸.
607 3882 786 3949 Officio
799 3882 1144 3947 antiquiorem.
1171 3881 1344 3931 Delevi
1366 3898 1476 3941 suo,
1567 3907 1595 3926 κ
1612 3884 1752 3948 quod
1777 3883 1903 3931 numi
1920 3882 2171 3947 oportebit
2188 3904 2233 3933 »-

453 3961 590 4024 quod
613 3972 664 4009 et
687 3978 774 4009 uun
800 3974 976 4026 sponte
995 3962 1225 4011 vitiosum
1248 3972 1338 4019 est,
1359 3972 1408 4009 et
1423 3962 1477 4009 in
1637 3964 1751 4011 vn.
1776 3976 1823 4009 ι.
1852 3959 2095 4009 Arban-aei
2118 3976 2221 4009 esse
2244 3959 2341 4009 die.
2364 3961 2495 4009 Cave
2524 3976 2587 4007 ne

455 4040 546 4087 Ms
564 4038 700 4087 cm.
719 4050 790 4087 est
809 4040 936 4087 inter
951 4056 1244 4099 versus,non
1259 4038 1312 4089 iu
1323 4050 1476 4089 textu.
1566 4040 1699 4089 hunc
1726 4039 2043 4089 indicativum
2056 4039 2372 4101 conjunctivo
2391 4052 2591 4102 pernu-
