<?xml version="1.0" encoding="UTF-8"?>
<!DOCTYPE html PUBLIC "-//W3C//DTD XHTML 1.0 Transitional//EN"
    "http://www.w3.org/TR/xhtml1/DTD/xhtml1-transitional.dtd">
<html xmlns="http://www.w3.org/1999/xhtml" xml:lang="en" lang="en">
 <head>
  <title>
</title>
<meta http-equiv="Content-Type" content="text/html;charset=utf-8" />
  <meta name='ocr-system' content='tesseract 3.04.00' />
  <meta name='ocr-capabilities' content='ocr_page ocr_carea ocr_par ocr_line ocrx_word'/>
</head>
<body>
  <div class='ocr_page' id='page_1' title='image "./mtciceronisquae07lemagoog_0606.png"; bbox 0 0 2982 4682; ppageno 0'>
   <div class='ocr_carea' id='block_1_1' title="bbox 469 420 1912 494">
    <p class='ocr_par' dir='ltr' id='par_1_1' title="bbox 469 420 1912 494">
     <span class='ocr_line' id='line_1_1' title="bbox 469 420 1912 494; baseline -0.004 -1"><span class='ocrx_word' id='word_1_1' title='bbox 469 420 605 494; x_wconf 79' lang='lat'><strong>582</strong></span> <span class='ocrx_word' id='word_1_2' title='bbox 1140 422 1235 488; x_wconf 90' lang='lat' dir='ltr'><strong>M.</strong></span> <span class='ocrx_word' id='word_1_3' title='bbox 1289 422 1366 487; x_wconf 89' lang='lat' dir='ltr'><strong>T.</strong></span> <span class='ocrx_word' id='word_1_4' title='bbox 1421 421 1912 490; x_wconf 84' lang='lat' dir='ltr'>CICERONIS</span> 
     </span>
    </p>
   </div>
   <div class='ocr_carea' id='block_1_2' title="bbox 368 539 2602 3511">
    <p class='ocr_par' dir='ltr' id='par_1_2' title="bbox 456 539 2602 1303">
     <span class='ocr_line' id='line_1_2' title="bbox 463 539 2599 643; baseline -0 -29"><span class='ocrx_word' id='word_1_5' title='bbox 463 543 808 643; x_wconf 87' lang='lat' dir='ltr'><strong>religione</strong></span> <span class='ocrx_word' id='word_1_6' title='bbox 863 542 1297 635; x_wconf 88' lang='lat' dir='ltr'><strong>conjuncta;</strong></span> <span class='ocrx_word' id='word_1_7' title='bbox 1353 545 1413 612; x_wconf 89' lang='lat' dir='ltr'><strong>si</strong></span> <span class='ocrx_word' id='word_1_8' title='bbox 1459 539 1784 639; x_wconf 85' lang='lat' dir='ltr'>probitas</span> <span class='ocrx_word' id='word_1_9' title='bbox 1833 542 2192 612; x_wconf 87' lang='lat' dir='ltr'><strong>narrantis</strong></span> <span class='ocrx_word' id='word_1_10' title='bbox 2248 540 2599 638; x_wconf 87' lang='lat' dir='ltr'><strong>significa·</strong></span> 
     </span>
     <span class='ocr_line' id='line_1_3' title="bbox 462 648 2602 749; baseline -0.001 -25"><span class='ocrx_word' id='word_1_11' title='bbox 462 652 689 741; x_wconf 83' lang='lat' dir='ltr'><strong>bitur,</strong></span> <span class='ocrx_word' id='word_1_12' title='bbox 713 653 774 723; x_wconf 90' lang='lat' dir='ltr'><strong>si</strong></span> <span class='ocrx_word' id='word_1_13' title='bbox 796 653 1227 749; x_wconf 83' lang='lat' dir='ltr'><strong>antiquitas,</strong></span> <span class='ocrx_word' id='word_1_14' title='bbox 1280 652 1339 722; x_wconf 85' lang='lat' dir='ltr'><strong>si</strong></span> <span class='ocrx_word' id='word_1_15' title='bbox 1386 648 1804 739; x_wconf 78' lang='lat' dir='ltr'><strong>memoria⁶,</strong></span> <span class='ocrx_word' id='word_1_16' title='bbox 1837 652 1898 723; x_wconf 91' lang='lat' dir='ltr'><strong>si</strong></span> <span class='ocrx_word' id='word_1_17' title='bbox 1926 652 2272 722; x_wconf 87' lang='lat' dir='ltr'><strong>orationis</strong></span> <span class='ocrx_word' id='word_1_18' title='bbox 2308 654 2602 736; x_wconf 83' lang='lat' dir='ltr'><strong>veritas,</strong></span> 
     </span>
     <span class='ocr_line' id='line_1_4' title="bbox 468 760 2600 858; baseline -0 -24"><span class='ocrx_word' id='word_1_19' title='bbox 468 777 541 834; x_wconf 91' lang='lat' dir='ltr'><strong>et</strong></span> <span class='ocrx_word' id='word_1_20' title='bbox 576 766 739 834; x_wconf 84' lang='lat' dir='ltr'><strong>vitae</strong></span> <span class='ocrx_word' id='word_1_21' title='bbox 776 762 979 835; x_wconf 88' lang='lat' dir='ltr'><strong>fides.</strong></span> <span class='ocrx_word' id='word_1_22' title='bbox 1029 764 1276 839; x_wconf 86' lang='lat' dir='ltr'>Suavis</span> <span class='ocrx_word' id='word_1_23' title='bbox 1318 776 1560 833; x_wconf 88' lang='lat' dir='ltr'><strong>autem</strong></span> <span class='ocrx_word' id='word_1_24' title='bbox 1611 763 1922 833; x_wconf 83' lang='lat' dir='ltr'><strong>narratio</strong></span> <span class='ocrx_word' id='word_1_25' title='bbox 1971 775 2112 849; x_wconf 87' lang='lat' dir='ltr'><strong>est,</strong></span> <span class='ocrx_word' id='word_1_26' title='bbox 2168 786 2328 858; x_wconf 83' lang='lat' dir='ltr'><strong>quae</strong></span> <span class='ocrx_word' id='word_1_27' title='bbox 2379 760 2600 833; x_wconf 89' lang='lat' dir='ltr'><strong>habet</strong></span> 
     </span>
     <span class='ocr_line' id='line_1_5' title="bbox 466 866 2596 970; baseline -0.001 -26"><span class='ocrx_word' id='word_1_28' title='bbox 466 866 1012 960; x_wconf 85' lang='lat' dir='ltr'><strong>admirationes,</strong></span> <span class='ocrx_word' id='word_1_29' title='bbox 1060 875 1668 970; x_wconf 65' lang='lat' dir='ltr'><strong>exspectationes»,</strong></span> <span class='ocrx_word' id='word_1_30' title='bbox 1714 876 1948 943; x_wconf 83' lang='lat' dir='ltr'><strong>exitus</strong></span> <span class='ocrx_word' id='word_1_31' title='bbox 1998 874 2447 969; x_wconf 71' lang='lat' dir='ltr'><strong>inopinatos»,</strong></span> <span class='ocrx_word' id='word_1_32' title='bbox 2488 874 2596 942; x_wconf 89' lang='lat' dir='ltr'><strong>in·-</strong></span> 
     </span>
     <span class='ocr_line' id='line_1_6' title="bbox 464 982 2598 1081; baseline 0 -28"><span class='ocrx_word' id='word_1_33' title='bbox 464 985 853 1081; x_wconf 89' lang='lat' dir='ltr'><strong>terpositos</strong></span> <span class='ocrx_word' id='word_1_34' title='bbox 897 997 1139 1055; x_wconf 87' lang='lat' dir='ltr'><strong>motus</strong></span> <span class='ocrx_word' id='word_1_35' title='bbox 1174 986 1622 1069; x_wconf 88' lang='lat' dir='ltr'><strong>animorum,</strong></span> <span class='ocrx_word' id='word_1_36' title='bbox 1651 982 2013 1079; x_wconf 82' lang='lat' dir='ltr'><strong>colloquia</strong></span> <span class='ocrx_word' id='word_1_37' title='bbox 2051 1006 2524 1079; x_wconf 87' lang='lat' dir='ltr'><strong>personarum</strong></span> <span class='ocrx_word' id='word_1_38' title='bbox 2545 992 2598 1067; x_wconf 87' lang='lat'><strong>⁷,</strong></span> 
     </span>
     <span class='ocr_line' id='line_1_7' title="bbox 462 1090 2593 1191; baseline 0 -27"><span class='ocrx_word' id='word_1_39' title='bbox 462 1091 791 1183; x_wconf 87' lang='lat' dir='ltr'><strong>dolores,</strong></span> <span class='ocrx_word' id='word_1_40' title='bbox 818 1094 1261 1184; x_wconf 76' lang='lat' dir='ltr'><strong>iracundias,</strong></span> <span class='ocrx_word' id='word_1_41' title='bbox 1292 1108 1532 1165; x_wconf 89' lang='lat' dir='ltr'><strong>metus</strong></span> <span class='ocrx_word' id='word_1_42' title='bbox 1552 1148 1572 1183; x_wconf 93' lang='lat'><strong>,</strong></span> <span class='ocrx_word' id='word_1_43' title='bbox 1607 1094 1914 1181; x_wconf 78' lang='lat' dir='ltr'><strong>laetitias,</strong></span> <span class='ocrx_word' id='word_1_44' title='bbox 1963 1090 2416 1191; x_wconf 88' lang='lat' dir='ltr'><strong>cupiditates.</strong></span> <span class='ocrx_word' id='word_1_45' title='bbox 2457 1091 2593 1164; x_wconf 88' lang='lat' dir='ltr'><strong>Sed</strong></span> 
     </span>
     <span class='ocr_line' id='line_1_8' title="bbox 456 1200 1523 1303; baseline 0.001 -29"><span class='ocrx_word' id='word_1_46' title='bbox 456 1204 607 1299; x_wconf 84' lang='lat' dir='ltr'><strong>jam</strong></span> <span class='ocrx_word' id='word_1_47' title='bbox 640 1203 729 1275; x_wconf 88' lang='lat' dir='ltr'><strong>ad</strong></span> <span class='ocrx_word' id='word_1_48' title='bbox 760 1205 1037 1301; x_wconf 86' lang='lat' dir='ltr'><strong>reliqua</strong></span> <span class='ocrx_word' id='word_1_49' title='bbox 1062 1228 1451 1303; x_wconf 89' lang='lat' dir='ltr'><strong>pergamus</strong></span> <span class='ocrx_word' id='word_1_50' title='bbox 1468 1200 1523 1275; x_wconf 75' lang='lat'><strong>⁸.</strong></span> 
     </span>
    </p>

    <p class='ocr_par' dir='ltr' id='par_1_3' title="bbox 368 1308 2597 2180">
     <span class='ocr_line' id='line_1_9' title="bbox 560 1308 2594 1412; baseline -0.001 -29"><span class='ocrx_word' id='word_1_51' title='bbox 560 1312 687 1409; x_wconf 85' lang='lat' dir='ltr'><strong>(x.)</strong></span> <span class='ocrx_word' id='word_1_52' title='bbox 728 1317 803 1385; x_wconf 94' lang='lat' dir='ltr'><strong>C.</strong></span> <span class='ocrx_word' id='word_1_53' title='bbox 839 1318 912 1384; x_wconf 90' lang='lat' dir='ltr'><strong>F.</strong></span> <span class='ocrx_word' id='word_1_54' title='bbox 948 1319 1227 1412; x_wconf 84' lang='lat' dir='ltr'>Nempe</span> <span class='ocrx_word' id='word_1_55' title='bbox 1264 1339 1346 1386; x_wconf 89' lang='lat' dir='ltr'><strong>ea</strong></span> <span class='ocrx_word' id='word_1_56' title='bbox 1390 1328 1822 1410; x_wconf 88' lang='lat' dir='ltr'><strong>sequuntur,</strong></span> <span class='ocrx_word' id='word_1_57' title='bbox 1859 1308 2020 1410; x_wconf 81' lang='lat' dir='ltr'><strong>quae</strong></span> <span class='ocrx_word' id='word_1_58' title='bbox 2058 1311 2148 1383; x_wconf 89' lang='lat' dir='ltr'><strong>ad</strong></span> <span class='ocrx_word' id='word_1_59' title='bbox 2193 1311 2594 1383; x_wconf 87' lang='lat' dir='ltr'><strong>faciendam</strong></span> 
     </span>
     <span class='ocr_line' id='line_1_10' title="bbox 463 1421 2597 1521; baseline -0 -28"><span class='ocrx_word' id='word_1_60' title='bbox 463 1421 683 1496; x_wconf 90' lang='lat' dir='ltr'><strong>fidem</strong></span> <span class='ocrx_word' id='word_1_61' title='bbox 720 1430 1109 1521; x_wconf 78' lang='lat' dir='ltr'><strong>pertinent.</strong></span> <span class='ocrx_word' id='word_1_62' title='bbox 1131 1429 1320 1496; x_wconf 92' lang='lat' dir='ltr'><strong>—C.</strong></span> <span class='ocrx_word' id='word_1_63' title='bbox 1354 1429 1430 1494; x_wconf 93' lang='lat' dir='ltr'><strong>P.</strong></span> <span class='ocrx_word' id='word_1_64' title='bbox 1460 1428 1568 1495; x_wconf 91' lang='lat' dir='ltr'><strong>Ita</strong></span> <span class='ocrx_word' id='word_1_65' title='bbox 1603 1438 1712 1495; x_wconf 89' lang='lat' dir='ltr'><strong>est</strong></span> <span class='ocrx_word' id='word_1_66' title='bbox 1751 1450 1766 1492; x_wconf 79' lang='grc' dir='ltr'><em>τ</em></span> <span class='ocrx_word' id='word_1_67' title='bbox 1807 1448 1972 1521; x_wconf 81' lang='lat' dir='ltr'><strong>quae</strong></span> <span class='ocrx_word' id='word_1_68' title='bbox 2003 1424 2296 1520; x_wconf 89' lang='lat' dir='ltr'><strong>quidem</strong></span> <span class='ocrx_word' id='word_1_69' title='bbox 2330 1424 2404 1492; x_wconf 89' lang='lat' dir='ltr'><strong>in</strong></span> <span class='ocrx_word' id='word_1_70' title='bbox 2435 1447 2597 1493; x_wconf 91' lang='lat' dir='ltr'><strong>con-</strong></span> 
     </span>
     <span class='ocr_line' id='line_1_11' title="bbox 460 1532 2595 1633; baseline -0 -30"><span class='ocrx_word' id='word_1_71' title='bbox 460 1532 948 1607; x_wconf 88' lang='lat' dir='ltr'><strong>firmationem</strong></span> <span class='ocrx_word' id='word_1_72' title='bbox 979 1550 1049 1606; x_wconf 90' lang='lat' dir='ltr'><strong>et</strong></span> <span class='ocrx_word' id='word_1_73' title='bbox 1091 1536 1788 1633; x_wconf 84' lang='lat' dir='ltr'><strong>reprehensionem9</strong></span> <span class='ocrx_word' id='word_1_74' title='bbox 1819 1534 2265 1606; x_wconf 86' lang='lat' dir='ltr'><strong>dividuntur.</strong></span> <span class='ocrx_word' id='word_1_75' title='bbox 2303 1536 2484 1605; x_wconf 89' lang='lat' dir='ltr'><strong>Nam</strong></span> <span class='ocrx_word' id='word_1_76' title='bbox 2518 1536 2595 1603; x_wconf 91' lang='lat' dir='ltr'><strong>in</strong></span> 
     </span>
     <span class='ocr_line' id='line_1_12' title="bbox 464 1642 2593 1745; baseline -0.001 -30"><span class='ocrx_word' id='word_1_77' title='bbox 464 1643 1288 1741; x_wconf 39' lang='lat' dir='ltr'><strong>confirmand0,‚nostra</strong></span> <span class='ocrx_word' id='word_1_78' title='bbox 1326 1644 1641 1745; x_wconf 90' lang='lat' dir='ltr'><strong>probare</strong></span> <span class='ocrx_word' id='word_1_79' title='bbox 1669 1643 2046 1731; x_wconf 81' lang='lat' dir='ltr'><strong>volumus3</strong></span> <span class='ocrx_word' id='word_1_80' title='bbox 2083 1646 2162 1714; x_wconf 88' lang='lat' dir='ltr'><strong>in</strong></span> <span class='ocrx_word' id='word_1_81' title='bbox 2203 1642 2593 1741; x_wconf 86' lang='lat' dir='ltr'><strong>reprehen-</strong></span> 
     </span>
     <span class='ocr_line' id='line_1_13' title="bbox 468 1752 2596 1853; baseline -0.001 -28"><span class='ocrx_word' id='word_1_82' title='bbox 468 1752 754 1843; x_wconf 90' lang='lat' dir='ltr'><strong>dend0,</strong></span> <span class='ocrx_word' id='word_1_83' title='bbox 794 1753 1227 1853; x_wconf 81' lang='lat' dir='ltr'><strong>redarguere</strong></span> <span class='ocrx_word' id='word_1_84' title='bbox 1266 1758 1648 1828; x_wconf 87' lang='lat' dir='ltr'><strong>contraria.</strong></span> <span class='ocrx_word' id='word_1_85' title='bbox 1689 1757 2056 1846; x_wconf 84' lang='lat' dir='ltr'><strong>Quoniam</strong></span> <span class='ocrx_word' id='word_1_86' title='bbox 2097 1756 2317 1853; x_wconf 87' lang='lat' dir='ltr'><strong>igitur</strong></span> <span class='ocrx_word' id='word_1_87' title='bbox 2351 1777 2596 1839; x_wconf 87' lang='lat' dir='ltr'><strong>omne,</strong></span> 
     </span>
     <span class='ocr_line' id='line_1_14' title="bbox 464 1863 2596 1961; baseline -0.002 -25"><span class='ocrx_word' id='word_1_88' title='bbox 464 1863 667 1961; x_wconf 91' lang='lat' dir='ltr'><strong>quod</strong></span> <span class='ocrx_word' id='word_1_89' title='bbox 693 1870 766 1935; x_wconf 91' lang='lat' dir='ltr'><strong>in</strong></span> <span class='ocrx_word' id='word_1_90' title='bbox 800 1868 1361 1939; x_wconf 87' lang='lat' dir='ltr'><strong>controversiam</strong></span> <span class='ocrx_word' id='word_1_91' title='bbox 1384 1870 1622 1953; x_wconf 86' lang='lat' dir='ltr'><strong>venit,</strong></span> <span class='ocrx_word' id='word_1_92' title='bbox 1643 1865 1716 1938; x_wconf 88' lang='lat' dir='ltr'><strong>id</strong></span> <span class='ocrx_word' id='word_1_93' title='bbox 1743 1880 1868 1936; x_wconf 91' lang='lat' dir='ltr'><strong>aut</strong></span> <span class='ocrx_word' id='word_1_94' title='bbox 1901 1869 1992 1935; x_wconf 90' lang='lat' dir='ltr'><strong>sit</strong></span> <span class='ocrx_word' id='word_1_95' title='bbox 2012 1876 2098 1953; x_wconf 88' lang='lat'><strong>¹⁰,</strong></span> <span class='ocrx_word' id='word_1_96' title='bbox 2131 1888 2364 1935; x_wconf 89' lang='lat' dir='ltr'><strong>necne</strong></span> <span class='ocrx_word' id='word_1_97' title='bbox 2397 1864 2486 1934; x_wconf 88' lang='lat' dir='ltr'><strong>sit</strong></span> <span class='ocrx_word' id='word_1_98' title='bbox 2508 1873 2596 1949; x_wconf 83' lang='lat'><strong>¹¹,</strong></span> 
     </span>
     <span class='ocr_line' id='line_1_15' title="bbox 368 1975 2588 2076; baseline -0.001 -31"><span class='ocrx_word' id='word_1_99' title='bbox 368 2062 374 2067; x_wconf 20' lang='grc' dir='ltr'><strong><em>Δ</em></strong></span> <span class='ocrx_word' id='word_1_100' title='bbox 462 1989 589 2045; x_wconf 89' lang='lat' dir='ltr'><strong>aut</strong></span> <span class='ocrx_word' id='word_1_101' title='bbox 614 1975 791 2072; x_wconf 93' lang='lat' dir='ltr'><strong>quid</strong></span> <span class='ocrx_word' id='word_1_102' title='bbox 836 1978 966 2065; x_wconf 86' lang='lat' dir='ltr'><strong>sit,</strong></span> <span class='ocrx_word' id='word_1_103' title='bbox 1003 1992 1131 2047; x_wconf 90' lang='lat' dir='ltr'><strong>aut</strong></span> <span class='ocrx_word' id='word_1_104' title='bbox 1163 1978 1375 2076; x_wconf 88' lang='lat' dir='ltr'><strong>quale</strong></span> <span class='ocrx_word' id='word_1_105' title='bbox 1418 1981 1543 2066; x_wconf 90' lang='lat' dir='ltr'><strong>sit,</strong></span> <span class='ocrx_word' id='word_1_106' title='bbox 1581 1978 1970 2074; x_wconf 88' lang='lat' dir='ltr'><strong>quaeritur:</strong></span> <span class='ocrx_word' id='word_1_107' title='bbox 2021 1976 2098 2046; x_wconf 91' lang='lat' dir='ltr'><strong>in</strong></span> <span class='ocrx_word' id='word_1_108' title='bbox 2143 1976 2386 2071; x_wconf 85' lang='lat' dir='ltr'><strong>primo</strong></span> <span class='ocrx_word' id='word_1_109' title='bbox 2421 1998 2588 2044; x_wconf 86' lang='lat' dir='ltr'><strong>con·</strong></span> 
     </span>
     <span class='ocr_line' id='line_1_16' title="bbox 457 2084 2374 2180; baseline -0.002 -24"><span class='ocrx_word' id='word_1_110' title='bbox 457 2086 736 2180; x_wconf 83' lang='lat' dir='ltr'><strong>jectura</strong></span> <span class='ocrx_word' id='word_1_111' title='bbox 768 2085 995 2173; x_wconf 85' lang='lat' dir='ltr'><strong>valet,</strong></span> <span class='ocrx_word' id='word_1_112' title='bbox 1040 2088 1111 2156; x_wconf 88' lang='lat' dir='ltr'><strong>in</strong></span> <span class='ocrx_word' id='word_1_113' title='bbox 1144 2088 1370 2159; x_wconf 91' lang='lat' dir='ltr'><strong>altero</strong></span> <span class='ocrx_word' id='word_1_114' title='bbox 1402 2086 1761 2171; x_wconf 85' lang='lat' dir='ltr'><strong>definitio,</strong></span> <span class='ocrx_word' id='word_1_115' title='bbox 1804 2087 1880 2157; x_wconf 92' lang='lat' dir='ltr'><strong>in</strong></span> <span class='ocrx_word' id='word_1_116' title='bbox 1921 2087 2132 2156; x_wconf 85' lang='lat' dir='ltr'><strong>tertio</strong></span> <span class='ocrx_word' id='word_1_117' title='bbox 2170 2084 2374 2154; x_wconf 81' lang='lat' dir='ltr'><strong>ratio,</strong></span> 
     </span>
    </p>

    <p class='ocr_par' dir='ltr' id='par_1_4' title="bbox 462 2193 2598 3398">
     <span class='ocr_line' id='line_1_17' title="bbox 558 2193 2594 2287; baseline -0.001 -20"><span class='ocrx_word' id='word_1_118' title='bbox 558 2201 645 2267; x_wconf 88' lang='lat' dir='ltr'><strong>X.</strong></span> <span class='ocrx_word' id='word_1_119' title='bbox 683 2199 761 2267; x_wconf 92' lang='lat' dir='ltr'><strong>C.</strong></span> <span class='ocrx_word' id='word_1_120' title='bbox 807 2200 881 2267; x_wconf 91' lang='lat' dir='ltr'><strong>F.</strong></span> <span class='ocrx_word' id='word_1_121' title='bbox 922 2201 1168 2269; x_wconf 87' lang='lat' dir='ltr'><strong>Teneo</strong></span> <span class='ocrx_word' id='word_1_122' title='bbox 1208 2199 1413 2269; x_wconf 87' lang='lat' dir='ltr'><strong>istam</strong></span> <span class='ocrx_word' id='word_1_123' title='bbox 1454 2196 2059 2269; x_wconf 80' lang='lat' dir='ltr'><strong>distributionem.</strong></span> <span class='ocrx_word' id='word_1_124' title='bbox 2103 2197 2318 2267; x_wconf 89' lang='lat' dir='ltr'><strong>Nunc</strong></span> <span class='ocrx_word' id='word_1_125' title='bbox 2353 2193 2594 2287; x_wconf 86' lang='lat' dir='ltr'><strong>conje-</strong></span> 
     </span>
     <span class='ocr_line' id='line_1_18' title="bbox 465 2304 2594 2404; baseline -0.003 -25"><span class='ocrx_word' id='word_1_126' title='bbox 465 2322 683 2380; x_wconf 87' lang='lat' dir='ltr'><strong>cturae</strong></span> <span class='ocrx_word' id='word_1_127' title='bbox 724 2306 925 2378; x_wconf 87' lang='lat' dir='ltr'><strong>locos</strong></span> <span class='ocrx_word' id='word_1_128' title='bbox 970 2332 1219 2404; x_wconf 82' lang='lat' dir='ltr'><strong>quaero</strong></span> <span class='ocrx_word' id='word_1_129' title='bbox 1244 2319 1291 2378; x_wconf 86' lang='lat'><strong>¹.</strong></span> <span class='ocrx_word' id='word_1_130' title='bbox 1340 2351 1423 2361; x_wconf 95' lang='lat'><strong>-—-</strong></span> <span class='ocrx_word' id='word_1_131' title='bbox 1466 2306 1546 2380; x_wconf 74' lang='lat' dir='ltr'><strong>G.</strong></span> <span class='ocrx_word' id='word_1_132' title='bbox 1573 2310 1646 2378; x_wconf 93' lang='lat' dir='ltr'><strong>P.</strong></span> <span class='ocrx_word' id='word_1_133' title='bbox 1693 2314 1778 2380; x_wconf 90' lang='lat' dir='ltr'><strong>In</strong></span> <span class='ocrx_word' id='word_1_134' title='bbox 1818 2304 2354 2394; x_wconf 76' lang='lat' dir='ltr'><strong>verisimilibu5‚</strong></span> <span class='ocrx_word' id='word_1_135' title='bbox 2404 2317 2475 2375; x_wconf 91' lang='lat' dir='ltr'><strong>et</strong></span> <span class='ocrx_word' id='word_1_136' title='bbox 2517 2304 2594 2373; x_wconf 88' lang='lat' dir='ltr'><strong>in</strong></span> 
     </span>
     <span class='ocr_line' id='line_1_19' title="bbox 465 2414 2594 2516; baseline -0.004 -26"><span class='ocrx_word' id='word_1_137' title='bbox 465 2419 774 2516; x_wconf 88' lang='lat' dir='ltr'><strong>propriis</strong></span> <span class='ocrx_word' id='word_1_138' title='bbox 816 2443 1059 2489; x_wconf 83' lang='lat' dir='ltr'><strong>rerum</strong></span> <span class='ocrx_word' id='word_1_139' title='bbox 1098 2419 1289 2489; x_wconf 89' lang='lat' dir='ltr'><strong>notis</strong></span> <span class='ocrx_word' id='word_1_140' title='bbox 1334 2420 1564 2516; x_wconf 88' lang='lat' dir='ltr'><strong>posita</strong></span> <span class='ocrx_word' id='word_1_141' title='bbox 1607 2433 1716 2489; x_wconf 88' lang='lat' dir='ltr'><strong>est</strong></span> <span class='ocrx_word' id='word_1_142' title='bbox 1756 2432 1926 2488; x_wconf 85' lang='lat' dir='ltr'><strong>tota.</strong></span> <span class='ocrx_word' id='word_1_143' title='bbox 1965 2415 2106 2487; x_wconf 91' lang='lat' dir='ltr'><strong>Sed</strong></span> <span class='ocrx_word' id='word_1_144' title='bbox 2148 2414 2594 2513; x_wconf 88' lang='lat' dir='ltr'><strong>appellemus</strong></span> 
     </span>
     <span class='ocr_line' id='line_1_20' title="bbox 466 2521 2590 2625; baseline -0.005 -26"><span class='ocrx_word' id='word_1_145' title='bbox 466 2526 776 2601; x_wconf 87' lang='lat' dir='ltr'><strong>docendi</strong></span> <span class='ocrx_word' id='word_1_146' title='bbox 826 2529 1048 2624; x_wconf 87' lang='lat' dir='ltr'><strong>gratia</strong></span> <span class='ocrx_word' id='word_1_147' title='bbox 1084 2529 1496 2617; x_wconf 86' lang='lat' dir='ltr'><strong>verisimile,</strong></span> <span class='ocrx_word' id='word_1_148' title='bbox 1539 2528 1742 2625; x_wconf 91' lang='lat' dir='ltr'><strong>quod</strong></span> <span class='ocrx_word' id='word_1_149' title='bbox 1794 2528 2223 2625; x_wconf 89' lang='lat' dir='ltr'><strong>plerumque</strong></span> <span class='ocrx_word' id='word_1_150' title='bbox 2276 2526 2374 2594; x_wconf 89' lang='lat' dir='ltr'><strong>ita</strong></span> <span class='ocrx_word' id='word_1_151' title='bbox 2419 2521 2590 2594; x_wconf 86' lang='lat' dir='ltr'><strong>fiat:</strong></span> 
     </span>
     <span class='ocr_line' id='line_1_21' title="bbox 466 2634 2590 2735; baseline -0.003 -27"><span class='ocrx_word' id='word_1_152' title='bbox 466 2654 585 2725; x_wconf 92' lang='lat' dir='ltr'><strong>ut,</strong></span> <span class='ocrx_word' id='word_1_153' title='bbox 643 2637 1195 2709; x_wconf 89' lang='lat' dir='ltr'><strong>adolescentiam</strong></span> <span class='ocrx_word' id='word_1_154' title='bbox 1258 2639 1760 2735; x_wconf 86' lang='lat' dir='ltr'><strong>procliviorem</strong></span> <span class='ocrx_word' id='word_1_155' title='bbox 1825 2661 1981 2710; x_wconf 89' lang='lat' dir='ltr'><strong>esse</strong></span> <span class='ocrx_word' id='word_1_156' title='bbox 2043 2637 2130 2707; x_wconf 87' lang='lat' dir='ltr'><strong>ad</strong></span> <span class='ocrx_word' id='word_1_157' title='bbox 2195 2634 2590 2706; x_wconf 88' lang='lat' dir='ltr'><strong>libidinem.</strong></span> 
     </span>
     <span class='ocr_line' id='line_1_22' title="bbox 462 2747 2593 2847; baseline -0.003 -27"><span class='ocrx_word' id='word_1_158' title='bbox 462 2752 779 2847; x_wconf 83' lang='lat' dir='ltr'><strong>Propriae</strong></span> <span class='ocrx_word' id='word_1_159' title='bbox 835 2764 1074 2822; x_wconf 88' lang='lat' dir='ltr'><strong>autem</strong></span> <span class='ocrx_word' id='word_1_160' title='bbox 1120 2765 1304 2820; x_wconf 85' lang='lat' dir='ltr'><strong>notae</strong></span> <span class='ocrx_word' id='word_1_161' title='bbox 1348 2765 1887 2846; x_wconf 86' lang='lat' dir='ltr'><strong>argumentum,</strong></span> <span class='ocrx_word' id='word_1_162' title='bbox 1941 2747 2144 2844; x_wconf 89' lang='lat' dir='ltr'><strong>quod</strong></span> <span class='ocrx_word' id='word_1_163' title='bbox 2189 2768 2593 2843; x_wconf 85' lang='lat' dir='ltr'><strong>numquam</strong></span> 
     </span>
     <span class='ocr_line' id='line_1_23' title="bbox 463 2857 2592 2958; baseline -0.001 -28"><span class='ocrx_word' id='word_1_164' title='bbox 463 2860 667 2931; x_wconf 89' lang='lat' dir='ltr'><strong>aliter</strong></span> <span class='ocrx_word' id='word_1_165' title='bbox 703 2857 823 2947; x_wconf 85' lang='lat' dir='ltr'><strong>fit,</strong></span> <span class='ocrx_word' id='word_1_166' title='bbox 860 2871 1286 2957; x_wconf 86' lang='lat' dir='ltr'><strong>certumque</strong></span> <span class='ocrx_word' id='word_1_167' title='bbox 1323 2860 1664 2948; x_wconf 86' lang='lat' dir='ltr'><strong>declarat,</strong></span> <span class='ocrx_word' id='word_1_168' title='bbox 1703 2877 1787 2933; x_wconf 89' lang='lat' dir='ltr'><strong>ut</strong></span> <span class='ocrx_word' id='word_1_169' title='bbox 1817 2858 2062 2932; x_wconf 84' lang='lat' dir='ltr'><strong>fumus</strong></span> <span class='ocrx_word' id='word_1_170' title='bbox 2091 2863 2352 2958; x_wconf 89' lang='lat' dir='ltr'><strong>ignem.</strong></span> <span class='ocrx_word' id='word_1_171' title='bbox 2393 2859 2592 2928; x_wconf 91' lang='lat' dir='ltr'><strong>Veri-</strong></span> 
     </span>
     <span class='ocr_line' id='line_1_24' title="bbox 466 2969 2598 3070; baseline -0.001 -28"><span class='ocrx_word' id='word_1_172' title='bbox 466 2969 723 3042; x_wconf 88' lang='lat' dir='ltr'><strong>similia</strong></span> <span class='ocrx_word' id='word_1_173' title='bbox 754 2972 1218 3067; x_wconf 86' lang='lat' dir='ltr'><strong>reperiuntur</strong></span> <span class='ocrx_word' id='word_1_174' title='bbox 1246 2997 1335 3042; x_wconf 83' lang='lat' dir='ltr'><strong>ex</strong></span> <span class='ocrx_word' id='word_1_175' title='bbox 1366 2972 1694 3070; x_wconf 89' lang='lat' dir='ltr'><strong>partibus</strong></span> <span class='ocrx_word' id='word_1_176' title='bbox 1727 2987 1799 3043; x_wconf 90' lang='lat' dir='ltr'><strong>et</strong></span> <span class='ocrx_word' id='word_1_177' title='bbox 1826 2974 2032 3069; x_wconf 89' lang='lat' dir='ltr'><strong>quasi</strong></span> <span class='ocrx_word' id='word_1_178' title='bbox 2061 2971 2402 3043; x_wconf 89' lang='lat' dir='ltr'><strong>membris</strong></span> <span class='ocrx_word' id='word_1_179' title='bbox 2435 2995 2598 3040; x_wconf 86' lang='lat' dir='ltr'><strong>nar-</strong></span> 
     </span>
     <span class='ocr_line' id='line_1_25' title="bbox 463 3078 2588 3180; baseline -0.001 -29"><span class='ocrx_word' id='word_1_180' title='bbox 463 3083 760 3151; x_wconf 90' lang='lat' dir='ltr'><strong>rationis</strong></span> <span class='ocrx_word' id='word_1_181' title='bbox 785 3103 905 3150; x_wconf 90' lang='lat' dir='ltr'><strong>:ea</strong></span> <span class='ocrx_word' id='word_1_182' title='bbox 936 3096 1107 3151; x_wconf 89' lang='lat' dir='ltr'><strong>sunt</strong></span> <span class='ocrx_word' id='word_1_183' title='bbox 1138 3084 1211 3150; x_wconf 84' lang='lat' dir='ltr'><strong>in</strong></span> <span class='ocrx_word' id='word_1_184' title='bbox 1248 3085 1610 3180; x_wconf 90' lang='lat' dir='ltr'><strong>personis,</strong></span> <span class='ocrx_word' id='word_1_185' title='bbox 1647 3084 1722 3152; x_wconf 89' lang='lat' dir='ltr'><strong>in</strong></span> <span class='ocrx_word' id='word_1_186' title='bbox 1747 3081 1960 3165; x_wconf 86' lang='lat' dir='ltr'><strong>locis,</strong></span> <span class='ocrx_word' id='word_1_187' title='bbox 1993 3084 2066 3152; x_wconf 90' lang='lat' dir='ltr'><strong>in</strong></span> <span class='ocrx_word' id='word_1_188' title='bbox 2097 3078 2588 3177; x_wconf 85' lang='lat' dir='ltr'><strong>temporibus,</strong></span> 
     </span>
     <span class='ocr_line' id='line_1_26' title="bbox 465 3188 2592 3290; baseline 0 -30"><span class='ocrx_word' id='word_1_189' title='bbox 465 3194 542 3261; x_wconf 92' lang='lat' dir='ltr'><strong>in</strong></span> <span class='ocrx_word' id='word_1_190' title='bbox 577 3188 813 3277; x_wconf 78' lang='lat' dir='ltr'><strong>factiS,</strong></span> <span class='ocrx_word' id='word_1_191' title='bbox 852 3195 927 3260; x_wconf 88' lang='lat' dir='ltr'><strong>in</strong></span> <span class='ocrx_word' id='word_1_192' title='bbox 964 3195 1277 3278; x_wconf 82' lang='lat' dir='ltr'><strong>eventi5‚</strong></span> <span class='ocrx_word' id='word_1_193' title='bbox 1320 3194 1393 3262; x_wconf 90' lang='lat' dir='ltr'><strong>in</strong></span> <span class='ocrx_word' id='word_1_194' title='bbox 1438 3217 1681 3264; x_wconf 88' lang='lat' dir='ltr'><strong>rerum</strong></span> <span class='ocrx_word' id='word_1_195' title='bbox 1728 3195 2044 3290; x_wconf 88' lang='lat' dir='ltr'><strong>ipsarum</strong></span> <span class='ocrx_word' id='word_1_196' title='bbox 2092 3193 2592 3289; x_wconf 83' lang='lat' dir='ltr'><strong>negotiorum-</strong></span> 
     </span>
     <span class='ocr_line' id='line_1_27' title="bbox 466 3315 1423 3398; baseline -0.002 -26"><span class='ocrx_word' id='word_1_197' title='bbox 466 3325 608 3398; x_wconf 90' lang='lat' dir='ltr'><strong>que</strong></span> <span class='ocrx_word' id='word_1_198' title='bbox 642 3315 937 3370; x_wconf 76' lang='lat' dir='ltr'><strong>naturis.</strong></span> <span class='ocrx_word' id='word_1_199' title='bbox 1418 3383 1423 3389; x_wconf 24' lang='lat'>¹</span> 
     </span>
    </p>

    <p class='ocr_par' dir='ltr' id='par_1_5' title="bbox 560 3409 2594 3511">
     <span class='ocr_line' id='line_1_28' title="bbox 560 3409 2594 3511; baseline -0.001 -31"><span class='ocrx_word' id='word_1_200' title='bbox 560 3415 647 3480; x_wconf 91' lang='lat' dir='ltr'><strong>In</strong></span> <span class='ocrx_word' id='word_1_201' title='bbox 682 3412 1004 3507; x_wconf 88' lang='lat' dir='ltr'><strong>personis</strong></span> <span class='ocrx_word' id='word_1_202' title='bbox 1029 3425 1301 3482; x_wconf 83' lang='lat' dir='ltr'><strong>naturae</strong></span> <span class='ocrx_word' id='word_1_203' title='bbox 1326 3415 1640 3509; x_wconf 87' lang='lat' dir='ltr'><strong>primum</strong></span> <span class='ocrx_word' id='word_1_204' title='bbox 1671 3419 2112 3511; x_wconf 77' lang='lat' dir='ltr'><strong>spectantur,</strong></span> <span class='ocrx_word' id='word_1_205' title='bbox 2151 3409 2594 3495; x_wconf 88' lang='lat' dir='ltr'><strong>valitudinis,</strong></span> 
     </span>
    </p>
   </div>
   <div class='ocr_carea' id='block_1_3' title="bbox 458 3610 2594 4153">
    <p class='ocr_par' dir='ltr' id='par_1_6' title="bbox 464 3610 2594 3755">
     <span class='ocr_line' id='line_1_29' title="bbox 533 3610 2594 3678; baseline -0.002 -16"><span class='ocrx_word' id='word_1_206' title='bbox 533 3614 587 3662; x_wconf 87' lang='grc'><strong>6.</strong></span> <span class='ocrx_word' id='word_1_207' title='bbox 608 3611 661 3660; x_wconf 72' lang='grc' dir='ltr'><strong>δι’</strong></span> <span class='ocrx_word' id='word_1_208' title='bbox 684 3610 979 3675; x_wconf 76' lang='lat' dir='ltr'><strong>antiquitas,</strong></span> <span class='ocrx_word' id='word_1_209' title='bbox 1008 3611 1049 3658; x_wconf 84' lang='lat' dir='ltr'><strong>si</strong></span> <span class='ocrx_word' id='word_1_210' title='bbox 1074 3611 1324 3663; x_wconf 79' lang='lat' dir='ltr'><strong>memoria.</strong></span> <span class='ocrx_word' id='word_1_211' title='bbox 1354 3614 1477 3661; x_wconf 79' lang='lat' dir='ltr'><strong>Lau.</strong></span> <span class='ocrx_word' id='word_1_212' title='bbox 1641 3629 1692 3676; x_wconf 83' lang='lat'><strong>9.</strong></span> <span class='ocrx_word' id='word_1_213' title='bbox 1719 3614 1782 3660; x_wconf 74' lang='lat' dir='ltr'><strong>Ee</strong></span> <span class='ocrx_word' id='word_1_214' title='bbox 1817 3613 2007 3678; x_wconf 76' lang='lat' dir='ltr'><strong>repreh.</strong></span> <span class='ocrx_word' id='word_1_215' title='bbox 2027 3611 2283 3660; x_wconf 73' lang='lat' dir='ltr'><strong>Schiitzius</strong></span> <span class='ocrx_word' id='word_1_216' title='bbox 2301 3628 2412 3660; x_wconf 82' lang='lat' dir='ltr'><strong>cum</strong></span> <span class='ocrx_word' id='word_1_217' title='bbox 2427 3611 2594 3660; x_wconf 74' lang='lat' dir='ltr'><strong>Guelf.</strong></span> 
     </span>
     <span class='ocr_line' id='line_1_30' title="bbox 464 3690 2294 3755; baseline 0 -15"><span class='ocrx_word' id='word_1_218' title='bbox 464 3715 489 3733; x_wconf 71' lang='grc' dir='ltr'><strong>ει</strong></span> <span class='ocrx_word' id='word_1_219' title='bbox 504 3693 546 3740; x_wconf 76' lang='lat' dir='ltr'><strong>si</strong></span> <span class='ocrx_word' id='word_1_220' title='bbox 568 3691 867 3754; x_wconf 69' lang='lat' dir='ltr'><strong>antiquitatis</strong></span> <span class='ocrx_word' id='word_1_221' title='bbox 900 3690 1131 3738; x_wconf 70' lang='lat' dir='ltr'><strong>mennon-ia</strong></span> <span class='ocrx_word' id='word_1_222' title='bbox 1151 3711 1195 3737; x_wconf 69' lang='grc' dir='ltr'><strong>ο.</strong></span> <span class='ocrx_word' id='word_1_223' title='bbox 1570 3703 1618 3741; x_wconf 79' lang='lat' dir='ltr'><strong>et</strong></span> <span class='ocrx_word' id='word_1_224' title='bbox 1640 3693 1830 3742; x_wconf 82' lang='lat' dir='ltr'><strong>Victor.</strong></span> <span class='ocrx_word' id='word_1_225' title='bbox 1855 3715 1880 3734; x_wconf 75' lang='lat' dir='ltr'><strong>e·</strong></span> <span class='ocrx_word' id='word_1_226' title='bbox 1899 3703 1948 3741; x_wconf 81' lang='lat' dir='ltr'><strong>et</strong></span> <span class='ocrx_word' id='word_1_227' title='bbox 1971 3694 2025 3740; x_wconf 82' lang='lat' dir='ltr'><strong>in</strong></span> <span class='ocrx_word' id='word_1_228' title='bbox 2053 3692 2246 3755; x_wconf 67' lang='grc' dir='ltr'><strong>περι-ὠ.</strong></span> <span class='ocrx_word' id='word_1_229' title='bbox 2269 3715 2294 3733; x_wconf 75' lang='grc' dir='ltr'><strong>υ</strong></span> 
     </span>
    </p>

    <p class='ocr_par' dir='ltr' id='par_1_7' title="bbox 458 3767 2594 4153">
     <span class='ocr_line' id='line_1_31' title="bbox 536 3767 2594 3836; baseline 0 -19"><span class='ocrx_word' id='word_1_230' title='bbox 536 3788 583 3831; x_wconf 90' lang='lat'><strong>7.</strong></span> <span class='ocrx_word' id='word_1_231' title='bbox 610 3769 921 3832; x_wconf 74' lang='lat' dir='ltr'><strong>Inter-positos</strong></span> <span class='ocrx_word' id='word_1_232' title='bbox 946 3779 1106 3816; x_wconf 72' lang='lat' dir='ltr'><strong>motus</strong></span> <span class='ocrx_word' id='word_1_233' title='bbox 1124 3787 1212 3818; x_wconf 77' lang='lat' dir='ltr'><strong>an.</strong></span> <span class='ocrx_word' id='word_1_234' title='bbox 1239 3767 1349 3818; x_wconf 78' lang='lat' dir='ltr'><strong>coll.</strong></span> <span class='ocrx_word' id='word_1_235' title='bbox 1364 3787 1484 3833; x_wconf 76' lang='lat' dir='ltr'><strong>por·-</strong></span> <span class='ocrx_word' id='word_1_236' title='bbox 1647 3787 1724 3820; x_wconf 82' lang='lat'><strong>10.</strong></span> <span class='ocrx_word' id='word_1_237' title='bbox 1754 3773 1819 3820; x_wconf 79' lang='lat' dir='ltr'><strong>ld</strong></span> <span class='ocrx_word' id='word_1_238' title='bbox 1841 3784 1932 3820; x_wconf 79' lang='lat' dir='ltr'><strong>aut</strong></span> <span class='ocrx_word' id='word_1_239' title='bbox 1956 3772 2038 3820; x_wconf 77' lang='lat' dir='ltr'><strong>sit.</strong></span> <span class='ocrx_word' id='word_1_240' title='bbox 2070 3774 2245 3836; x_wconf 75' lang='lat' dir='ltr'><strong>Margo</strong></span> <span class='ocrx_word' id='word_1_241' title='bbox 2267 3773 2478 3820; x_wconf 83' lang='lat' dir='ltr'><strong>ed.Ven.</strong></span> <span class='ocrx_word' id='word_1_242' title='bbox 2503 3769 2594 3817; x_wconf 76' lang='lat' dir='ltr'><strong>-id</strong></span> 
     </span>
     <span class='ocr_line' id='line_1_32' title="bbox 460 3846 2206 3914; baseline 0.001 -15"><span class='ocrx_word' id='word_1_243' title='bbox 460 3863 708 3899; x_wconf 74' lang='lat' dir='ltr'><strong>sonarum.</strong></span> <span class='ocrx_word' id='word_1_244' title='bbox 747 3846 1003 3897; x_wconf 75' lang='lat' dir='ltr'><strong>Schiitzin·</strong></span> <span class='ocrx_word' id='word_1_245' title='bbox 1038 3849 1125 3896; x_wconf 73' lang='lat' dir='ltr'><strong>dat</strong></span> <span class='ocrx_word' id='word_1_246' title='bbox 1154 3850 1479 3914; x_wconf 68' lang='lat' dir='ltr'><strong>«interposita</strong></span> <span class='ocrx_word' id='word_1_247' title='bbox 1566 3866 1628 3898; x_wconf 81' lang='lat' dir='ltr'><strong>an</strong></span> <span class='ocrx_word' id='word_1_248' title='bbox 1655 3862 1740 3899; x_wconf 74' lang='lat' dir='ltr'><strong>aut</strong></span> <span class='ocrx_word' id='word_1_249' title='bbox 1763 3853 1827 3899; x_wconf 76' lang='lat' dir='ltr'><strong>sit</strong></span> <span class='ocrx_word' id='word_1_250' title='bbox 1844 3873 1887 3910; x_wconf 75' lang='grc' dir='ltr'><strong>ι,</strong></span> <span class='ocrx_word' id='word_1_251' title='bbox 1907 3852 2046 3900; x_wconf 82' lang='lat' dir='ltr'><strong>bene.</strong></span> <span class='ocrx_word' id='word_1_252' title='bbox 2075 3851 2206 3901; x_wconf 70' lang='lat' dir='ltr'><strong>Eun.</strong></span> 
     </span>
     <span class='ocr_line' id='line_1_33' title="bbox 461 3928 2580 3995; baseline -0.001 -17"><span class='ocrx_word' id='word_1_253' title='bbox 461 3929 706 3991; x_wconf 78' lang='lat' dir='ltr'><strong>colloquia</strong></span> <span class='ocrx_word' id='word_1_254' title='bbox 732 3943 1047 3990; x_wconf 70' lang='lat' dir='ltr'><strong>personarum</strong></span> <span class='ocrx_word' id='word_1_255' title='bbox 1064 3965 1078 3988; x_wconf 85' lang='lat'><strong>,</strong></span> <span class='ocrx_word' id='word_1_256' title='bbox 1100 3939 1266 3976; x_wconf 76' lang='lat' dir='ltr'><strong>motus</strong></span> <span class='ocrx_word' id='word_1_257' title='bbox 1290 3930 1476 3976; x_wconf 70' lang='lat' dir='ltr'><strong>animo-</strong></span> <span class='ocrx_word' id='word_1_258' title='bbox 1645 3946 1666 3976; x_wconf 75' lang='grc' dir='ltr'><strong>ι</strong></span> <span class='ocrx_word' id='word_1_259' title='bbox 1686 3945 1726 3978; x_wconf 85' lang='grc' dir='ltr'><strong>ι.</strong></span> <span class='ocrx_word' id='word_1_260' title='bbox 1747 3931 1914 3980; x_wconf 79' lang='lat' dir='ltr'><strong>Necne</strong></span> <span class='ocrx_word' id='word_1_261' title='bbox 1925 3931 2004 3979; x_wconf 79' lang='lat' dir='ltr'><strong>sit.</strong></span> <span class='ocrx_word' id='word_1_262' title='bbox 2019 3929 2274 3979; x_wconf 78' lang='lat' dir='ltr'><strong>Schiitzius</strong></span> <span class='ocrx_word' id='word_1_263' title='bbox 2294 3928 2580 3995; x_wconf 72' lang='lat' dir='ltr'><strong>simpliciter</strong></span> 
     </span>
     <span class='ocr_line' id='line_1_34' title="bbox 460 4005 1744 4068; baseline 0.002 -14"><span class='ocrx_word' id='word_1_264' title='bbox 460 4023 569 4054; x_wconf 81' lang='lat' dir='ltr'><strong>rum</strong></span> <span class='ocrx_word' id='word_1_265' title='bbox 586 4027 613 4048; x_wconf 68' lang='grc' dir='ltr'><strong>ιο</strong></span> <span class='ocrx_word' id='word_1_266' title='bbox 633 4041 648 4064; x_wconf 84' lang='grc'><em>,</em></span> <span class='ocrx_word' id='word_1_267' title='bbox 670 4005 981 4068; x_wconf 76' lang='lat' dir='ltr'><strong>conferrique</strong></span> <span class='ocrx_word' id='word_1_268' title='bbox 1002 4006 1141 4066; x_wconf 81' lang='lat' dir='ltr'><strong>jubet</strong></span> <span class='ocrx_word' id='word_1_269' title='bbox 1160 4007 1335 4068; x_wconf 85' lang='lat' dir='ltr'><strong>Quint.</strong></span> <span class='ocrx_word' id='word_1_270' title='bbox 1356 4009 1481 4055; x_wconf 79' lang='lat' dir='ltr'><strong>Inst.</strong></span> <span class='ocrx_word' id='word_1_271' title='bbox 1573 4025 1744 4057; x_wconf 71' lang='lat' dir='ltr'><strong>necne.</strong></span> 
     </span>
     <span class='ocr_line' id='line_1_35' title="bbox 458 4086 2592 4153; baseline 0.002 -21"><span class='ocrx_word' id='word_1_272' title='bbox 458 4087 550 4135; x_wconf 80' lang='lat' dir='ltr'><strong>Or.</strong></span> <span class='ocrx_word' id='word_1_273' title='bbox 573 4087 662 4145; x_wconf 77' lang='lat' dir='ltr'><strong>lv,</strong></span> <span class='ocrx_word' id='word_1_274' title='bbox 690 4101 742 4144; x_wconf 71' lang='lat' dir='ltr'><strong>a,</strong></span> <span class='ocrx_word' id='word_1_275' title='bbox 770 4086 883 4134; x_wconf 83' lang='lat'><strong>108.</strong></span> <span class='ocrx_word' id='word_1_276' title='bbox 1639 4089 1820 4146; x_wconf 48' lang='grc' dir='ltr'><strong>Σημᾶ</strong></span> <span class='ocrx_word' id='word_1_277' title='bbox 1839 4090 1872 4137; x_wconf 90' lang='lat'><strong>1.</strong></span> <span class='ocrx_word' id='word_1_278' title='bbox 1891 4091 2206 4153; x_wconf 65' lang='lat' dir='ltr'><strong>quarmAgit</strong></span> <span class='ocrx_word' id='word_1_279' title='bbox 2227 4091 2286 4140; x_wconf 85' lang='lat' dir='ltr'><strong>de</strong></span> <span class='ocrx_word' id='word_1_280' title='bbox 2304 4103 2458 4138; x_wconf 66' lang='lat' dir='ltr'><strong>eausa</strong></span> <span class='ocrx_word' id='word_1_281' title='bbox 2471 4104 2592 4136; x_wconf 83' lang='lat' dir='ltr'><strong>con-</strong></span> 
     </span>
    </p>
   </div>
   <div class='ocr_carea' id='block_1_4' title="bbox 532 4163 2596 4229">
    <p class='ocr_par' dir='ltr' id='par_1_8' title="bbox 532 4163 2596 4229">
     <span class='ocr_line' id='line_1_36' title="bbox 532 4163 2596 4229; baseline 0.003 -19"><span class='ocrx_word' id='word_1_282' title='bbox 532 4165 578 4210; x_wconf 80' lang='lat'><strong>8.</strong></span> <span class='ocrx_word' id='word_1_283' title='bbox 605 4165 885 4227; x_wconf 61' lang='lat' dir='ltr'><strong>Pergamus.</strong></span> <span class='ocrx_word' id='word_1_284' title='bbox 902 4163 1131 4212; x_wconf 74' lang='lat' dir='ltr'><strong>Ed.Ven.</strong></span> <span class='ocrx_word' id='word_1_285' title='bbox 1150 4176 1473 4216; x_wconf 77' lang='lat' dir='ltr'><strong>transeamus.</strong></span> <span class='ocrx_word' id='word_1_286' title='bbox 1568 4167 1822 4216; x_wconf 72' lang='lat' dir='ltr'><strong>stitutione</strong></span> <span class='ocrx_word' id='word_1_287' title='bbox 1846 4169 2162 4229; x_wconf 70' lang='lat' dir='ltr'><strong>conjecturali</strong></span> <span class='ocrx_word' id='word_1_288' title='bbox 2185 4171 2302 4220; x_wconf 74' lang='lat' dir='ltr'><strong>Her.</strong></span> <span class='ocrx_word' id='word_1_289' title='bbox 2322 4172 2345 4217; x_wconf 91' lang='lat'>1</span> <span class='ocrx_word' id='word_1_290' title='bbox 2360 4205 2374 4228; x_wconf 84' lang='lat'><strong>,</strong></span> <span class='ocrx_word' id='word_1_291' title='bbox 2397 4186 2416 4217; x_wconf 87' lang='lat'><em>1</em></span> <span class='ocrx_word' id='word_1_292' title='bbox 2435 4185 2483 4228; x_wconf 86' lang='lat'><strong>1,</strong></span> <span class='ocrx_word' id='word_1_293' title='bbox 2511 4184 2530 4216; x_wconf 78' lang='grc' dir='ltr'><strong>ι</strong></span> <span class='ocrx_word' id='word_1_294' title='bbox 2543 4185 2596 4228; x_wconf 77' lang='lat'><strong>7.</strong></span> 
     </span>
    </p>
   </div>
  </div>
 </body>
</html>
