2982 4682
375 407 506 480 172
1058 386 1154 452 M.
1205 387 1284 454 T.
1334 383 1818 456 elcERoms

372 506 809 578 curriculum
859 502 1430 594 descenderunt,
1473 505 1671 591 illos,
1706 504 1835 601 qui
1874 504 1955 574 in
1990 526 2127 590 eo,
2162 502 2363 601 quod
2396 521 2503 576 est

369 615 690 702 artificii,
735 612 1109 686 elaborent
1134 627 1187 702 ⁷,
1222 616 1427 687 aiunt
1453 613 1689 686 facere
1717 612 2181 720 immodeste3
2210 614 2348 713 ipsi
2378 613 2503 685 ali-

367 750 590 824 quem
635 726 1017 852 antiquum
1069 739 1464 813 oratorem,
1514 739 1639 796 aut
1678 705 1966 822 poetam
2012 719 2342 810 laudant,
2380 737 2508 794 aut

371 837 840 932 scripturam,
881 838 982 905 sic
1039 850 1124 906 ut
1164 836 1239 906 iu
1297 835 1607 907 stadium
1663 835 1833 904 artis
1878 823 2298 904 rhetoricae⁸
2336 857 2505 931 pro·

373 944 526 1016 dire
567 969 715 1016 non
755 943 1093 1016 audeant.
1127 947 1296 1017 Non
1335 947 1565 1017 ausim
1624 943 1901 1032 dicere,
1955 942 2081 1014 sed
2112 958 2357 1015 tamen
2388 969 2508 1015 ve-

375 1079 568 1142 reor,
598 1081 728 1146 ne,
765 1080 910 1153 qua
940 1058 1014 1126 in
1058 1081 1136 1128 re
1175 1041 1458 1128 laudern
1494 1054 1861 1128 modestiae
1901 1068 2282 1139 venentur,
2317 1055 2393 1124 in
2424 1077 2509 1125 ea

375 1165 528 1264 ipsa
577 1191 658 1238 re
699 1169 846 1238 sint
891 1164 1374 1265 impudentes·
1421 1165 1619 1257 Quid
1656 1167 1847 1236 enirn
1888 1163 2021 1236 tibi
2066 1163 2223 1235 vis?
2254 1164 2511 1261 aliquis

375 1276 679 1372 inquiet.
735 1279 981 1348 Artem
1058 1290 1254 1347 tuam
1323 1275 1578 1348 scribis
1637 1303 1654 1347 ε
1734 1275 1967 1372 gignis
2026 1271 2239 1345 nobis
2286 1297 2509 1345 novas

379 1387 898 1483 praeceptiones
931 1412 947 1455 ε
979 1409 1097 1457 eas
1131 1387 1286 1484 ipse
1315 1384 1745 1457 confirmare
1776 1409 1927 1455 non
1955 1397 2207 1481 potes:
2236 1379 2331 1452 ab
2358 1382 2511 1454 aliis

373 1499 700 1596 exempla
734 1503 980 1569 sumis.
1025 1497 1247 1588 Vide,
1286 1525 1384 1571 ne
1431 1498 1649 1571 facias
1684 1497 2174 1596 impudenter,
2214 1499 2341 1594 qui
2380 1510 2511 1567 tuo

375 1609 654 1678 nomini
680 1609 857 1679 velis
885 1633 973 1680 ex
995 1609 1302 1680 aliorum
1333 1607 1707 1681 laboribus
1734 1607 1958 1679 libare
1986 1607 2289 1679 laudem.
2326 1611 2509 1680 Nam

383 1716 445 1786 si
470 1731 771 1788 eorum9
806 1720 1171 1792 volumina
1209 1719 1732 1818 prehenderint
1767 1721 2043 1817 antiqui
2082 1733 2403 1791 oratores
2436 1733 2513 1788 et

381 1841 651 1925 poetae,
701 1843 774 1900 et
823 1853 1036 1902 suum
1097 1831 1406 1928 quisque
1457 1829 1549 1903 de
1604 1831 1806 1902 libris
1860 1829 2278 1918 sustulerit3
2330 1826 2513 1898 nihil

383 1937 569 2026 istis,
602 1939 805 2035 quod
851 1965 1062 2012 suum
1095 1943 1421 2028 velintm,
1474 1943 1946 2040 relinquetur.
1996 1943 2089 2012 At
2148 1939 2508 2037 exempla,

378 2051 726 2144 quoniam
765 2053 1341 2125 testimoniorum
1392 2054 1647 2124 similia
1682 2066 1892 2137 sunt,
1926 2052 2097 2121 item
2138 2049 2510 2133 convenit,

383 2170 466 2227 ut
496 2161 900 2231 testimonia
923 2216 942 2248 ,
975 2161 1066 2234 ab
1109 2162 1529 2234 hominibus
1559 2160 2081 2261 probatissimis
2118 2159 2325 2230 sumi.
2362 2158 2511 2229 Pri-

380 2291 582 2338 mum
641 2274 968 2343 omnium
1038 2274 1364 2373 exempla
1421 2287 1801 2373 ponuntur
1854 2271 1971 2344 hic
2030 2295 2179 2340 non
2244 2265 2509 2344 confir-

382 2376 669 2468 mandi,
715 2404 954 2479 neque
999 2382 1426 2454 testificandi
1467 2408 1721 2469 causa,
1775 2381 1897 2454 sed
1948 2378 2510 2453 demonstrandi.

375 2488 538 2558 Non
592 2491 819 2579 enim,
865 2516 1092 2589 quum
1137 2494 1440 2565 dicimus
1489 2519 1642 2566 esse
1692 2492 2231 2564 exornationem
2258 2544 2277 2578 ‚
2314 2514 2511 2587 quae,

375 2689 512 2739 sinus
529 2693 762 2757 opinatur
779 2695 1088 2746 scribendum
1109 2701 1266 2747 Boeus
1277 2734 1292 2758 ,
1317 2714 1402 2747 eu·

373 2768 454 2828 jus
475 2774 734 2822 Pausanias
753 2778 975 2824 meminit
989 2778 1042 2825 in
1063 2779 1404 2827 laconicis.—

379 2846 497 2897 cem
533 2852 786 2912 Sicyoniis.
829 2854 1051 2919 Intellige
1093 2857 1292 2916 calceis,
1347 2868 1404 2904 ut

379 2940 510 2977 reete
536 2934 756 2983 Gronov.
777 2934 897 2983 Sca.
925 2962 996 2971 —
1014 2936 1092 2983 Sic
1111 2936 1404 2999 Wetaelius,

378 3018 428 3054 et
451 3020 522 3057 eat
559 3012 612 3058 in
655 3013 818 3077 primo
863 3014 926 3061 de
965 3015 1100 3062 Orat.
1145 3031 1258 3079 cap.
1295 3016 1401 3075 54:

380 3087 532 3150 equis
565 3090 827 3155 Sicyonios
850 3092 970 3140 mihi
997 3092 1185 3141 calceos
1211 3094 1402 3142 attulis-

378 3175 450 3213 set
467 3188 507 3214 ιι.
529 3168 579 3216 J.
597 3172 663 3217 V.
699 3170 887 3219 [celere
911 3172 1139 3235 iutelligit
1162 3188 1400 3222 cursores.

383 3246 484 3293 Nec
513 3248 688 3294 mirum
715 3249 938 3298 videatur
969 3252 1020 3298 in
1049 3251 1128 3299 illa
1166 3252 1287 3299 urbe
1314 3252 1406 3300 bo-

380 3340 473 3371 noa
503 3326 650 3373 fuine
679 3342 898 3376 cursores
917 3316 937 3387 ,’
968 3328 1056 3377 ubi
1092 3342 1316 3379 accurata
1351 3332 1405 3379 in

379 3403 553 3453 calceis
571 3404 890 3454 conficiendis
907 3408 1138 3455 sedulitas
1153 3424 1167 3466 ς
1197 3408 1283 3456 aed
1301 3425 1404 3456 ma·

371 3483 456 3543 jor
467 3483 738 3533 similitudo
753 3484 1068 3535 describenti·
1077 3488 1346 3552 quomodo,
1357 3498 1406 3537 et

379 3564 558 3628 quibus
577 3564 750 3613 ealeeia
767 3567 990 3614 insti-neti
1020 3568 1249 3616 certarint
1277 3568 1404 3617 cele-

380 3642 578 3691 berrimi
599 3660 835 3704 cursores,
857 3662 970 3694 cum
993 3648 1188 3695 rhetore
1215 3664 1403 3696 memo·

383 3732 519 3770 rante
553 3723 731 3786 quibus
766 3724 962 3773 dicendi
999 3724 1168 3791 figuris
1201 3728 1274 3774 nai
1305 3726 1405 3775 aiut

381 3802 554 3867 optimi
577 3814 810 3854 oratores.
831 3806 1086 3855 Gronovio
1105 3806 1252 3870 igitur
1271 3822 1406 3854 acee-

381 3880 595 3929 dendnm
625 3894 766 3946 puto.

451 3978 502 4023 7.
541 3962 820 4012 Elaboreeet.
855 3964 981 4010 Edd.
1021 3971 1152 4026 1474
1187 3974 1238 4011 et
1279 3964 1404 4013 MSS

375 4042 478 4089 duo
505 4043 636 4105 apud
661 4042 793 4091 ond.
814 4044 1099 4099 elaborant,
1141 4042 1276 4105 quod
1303 4058 1398 4090 me·

365 4120 464 4167 lina
487 4118 698 4184 videtur,
731 4122 824 4169 nini
854 4122 984 4185 legas
1021 4136 1132 4169 cum
1158 4120 1236 4169 ed.
1256 4123 1398 4170 Junt.

1488 2698 1839 2747 descendet-ine.
1859 2699 1991 2747 Ean.
2010 2724 2077 2736 -
2105 2695 2220 2745 Seh.
2236 2696 2511 2744 elaborant.

1489 2778 1587 2827 Ed.
1620 2779 1779 2839 1476,
1808 2776 2160 2825 desoeeederim.

1564 2858 1612 2905 8.
1636 2857 1715 2903 Sic
1734 2867 1787 2903 m
1798 2856 1849 2904 in
1869 2856 2081 2904 stadium
2102 2853 2221 2903 artis
2240 2851 2508 2901 rhetor-ieet.

1491 2938 1645 2983 Recte
1680 2934 1941 2984 Lambinus
1968 2935 2181 2984 correxit
2206 2924 2318 2997 sup.
2336 2932 2511 2980 editio-

1491 3030 1611 3063 num
1631 3014 1742 3063 lect.
1766 3015 1993 3064 studium.
2014 3017 2133 3063 Sca.

1566 3108 1616 3158 9.
1634 3095 1763 3141 Nam
1781 3095 1829 3141 si
1844 3110 2030 3143 eorum.
2054 3096 2111 3141 In
2128 3091 2225 3140 hoc
2244 3092 2357 3140 loeo
2382 3090 2513 3137 miri-

1491 3170 1585 3220 fiee
1606 3172 1844 3221 fluctuant
1866 3172 2010 3233 libri,
2046 3182 2100 3221 ut
2128 3171 2251 3219 nihil
2282 3172 2399 3219 certi
2428 3186 2513 3217 ex-

1491 3253 1669 3299 tricare
1696 3252 1855 3301 liceat.
1889 3255 2059 3317 Itaque
2094 3262 2281 3299 textum
2314 3250 2509 3313 reliqui,

1491 3341 1549 3377 ut
1584 3342 1658 3379 est
1690 3333 1743 3379 in
1768 3332 2071 3381 Gruteriana.
2106 3332 2181 3377 De
2224 3330 2359 3379 libris
2399 3346 2515 3393 spu-

1491 3410 1621 3458 rium
1648 3423 1791 3476 puto.
1828 3412 1989 3459 Velim
2016 3426 2169 3475 porro
2208 3412 2291 3457 vix
2322 3426 2513 3457 sensum

1491 3488 1641 3539 habet
1662 3505 1676 3540 :
1716 3503 1769 3541 et
1786 3491 1923 3539 abeat
1945 3490 2007 3538 ab
2030 3490 2141 3538 edd.
2164 3490 2407 3537 omnibus.
2431 3490 2515 3537 An

1494 3581 1669 3617 auctor
1692 3571 1889 3634 aeripait
1908 3604 1925 3629 ,
1962 3569 2122 3616 -nihil
2142 3570 2251 3616 iatia
2270 3584 2413 3616 suum
2438 3584 2515 3615 re-

1494 3645 1775 3710 linquetur?
1798 3669 1823 3690 ·
1848 3647 2073 3710 Denique
2098 3656 2221 3710 puto
2254 3645 2515 3709 legendum

1493 3725 1798 3790 relinquatur
1818 3758 1834 3787 ,
1884 3726 2020 3790 quod
2067 3738 2201 3774 certe
2250 3723 2518 3788 elegantius

1491 3814 1584 3852 est.
1606 3806 1737 3853 Ean.

1570 3898 1653 3932 πο.
1684 3884 1863 3932 Velim.
1891 3881 2001 3930 sch.
2035 3883 2199 3947 Vulgo
2227 3881 2419 3937 velint,
2442 3884 2517 3930 in-

1491 3966 1624 4027 quit,
1668 3980 1810 4011 sensu
1849 3964 2033 4026 inepto.
2078 3964 2187 4025 lpse
2230 3960 2379 4009 habet
2420 3978 2517 4009 vo-

1491 4056 1631 4101 cem,
1661 4042 1797 4107 quod
1836 4042 2098 4107 pessimum
2139 4040 2333 4103 judicat
2370 4042 2423 4089 J.
2448 4044 2514 4089 V.

1493 4124 1699 4172 Lecleoe.
