2982 4682
461 368 595 440 156

1125 374 1222 439 Μ.
1274 373 1350 440 Τ.
1406 373 1893 441 CICERONIS

447 515 574 588 ges
596 521 652 562 n.
689 495 775 562 ln
803 491 1028 562 altero
1061 479 1270 562 loco⁵
1291 493 1631 589 AEsopum
1661 505 1735 563 et
1770 491 2144 563 Cimbrum
2180 491 2581 564 subornare

455 599 937 700 Iphigeniam,
969 591 1585 697 Agamemnonem
1628 615 1701 672 et
1739 599 2170 672 Menelaum.
2218 609 2375 674 Hoc
2406 603 2580 685 crit,

453 742 488 777 α
511 709 774 784 Atridae
822 725 1151 808 parant».
1197 714 1348 780 Hoc
1389 709 1610 780 modo
1650 711 1893 780 omnia
1930 707 2154 781 verba
2196 725 2417 781 erunt
2456 736 2581 782 ex-

457 845 718 919 pressa.
765 820 905 892 Sed
941 821 1095 892 haec
1122 821 1517 917 imaginum
1558 817 2033 892 conformatio
2068 837 2223 891 tum
2258 822 2445 893 valet
2464 877 2484 910 ,
2516 824 2581 892 si

457 931 848 1004 naturalem
877 933 1300 1003 memoriam
1321 933 1987 1004 exsuscitaverimus
2014 931 2149 1002 hac
2174 933 2545 1003 notatione
2561 986 2582 1018 ‚

459 1055 577 1128 ut,
613 1065 824 1112 versu
859 1043 1136 1139 posit0,
1167 1039 1720 1138 ipsi-nobiscum
1761 1043 2073 1138 primum
2102 1036 2583 1118 transeamus⁶

456 1147 567 1220 bis
603 1203 623 1236 ‚
665 1163 790 1220 aut
842 1163 952 1221 ter
989 1174 1154 1220 eum
1205 1174 1534 1235 versum3
1578 1149 1843 1222 deinde
1892 1148 2102 1222 cum⁶
2155 1151 2582 1250 imaginibus

456 1259 676 1332 verba
706 1263 1210 1358 exprimamus.
1267 1263 1422 1331 Hoc
1471 1259 1692 1330 modo
1740 1257 2056 1332 naturae⁸
2094 1261 2583 1360 suppeditabit

458 1369 788 1442 doctrina
837 1398 854 1442 z

907 1397 1070 1442 nam
1138 1386 1441 1467 utraque
1497 1371 1719 1440 altera
1768 1389 2089 1470 separata
2146 1375 2385 1444 minus
2448 1377 2582 1444 erit

457 1479 665 1552 firma
679 1491 738 1569 9;
756 1482 850 1551 ita
889 1496 1132 1572 tamen
1168 1493 1252 1578 ut
1277 1479 1507 1549 multo
1541 1479 1705 1575 plus
1729 1482 1802 1550 in
1831 1481 2158 1554 doctrina
2186 1499 2403 1581 atque
2429 1497 2581 1553 arte

459 1655 571 1704 dam
598 1657 756 1722 tangi,
789 1659 1006 1711 auctoris
1045 1669 1184 1707 aetate
1209 1656 1478 1708 notissima.

458 1736 649 1801 Nempe
674 1738 918 1788 Domitius
938 1738 1114 1802 aliquia
1138 1754 1167 1786 a
1186 1738 1386 1785 Marciia
1405 1753 1480 1785 re·

460 1815 605 1880 gibua
641 1813 761 1867 lotia
791 1817 914 1866 cadi
953 1818 1138 1882 potuit.
1181 1818 1322 1867 Certe
1347 1817 1481 1866 haud

459 1907 536 1945 eat
561 1897 818 1956 credibile,
859 1915 956 1946 rem
998 1908 1152 1947 totam
1191 1895 1352 1944 fictam
1378 1913 1481 1944 ease

459 1976 524 2024 ad
549 1975 804 2040 imaginem
823 1977 1196 2026 conficiendam.
1211 1979 1283 2026 De
1297 1980 1482 2025 Romu·

459 2055 512 2104 lo
536 2067 700 2104 autem
731 2067 781 2104 et
809 2059 966 2106 Remo
997 2059 1210 2122 cogitare
1242 2068 1371 2105 reete
1396 2059 1484 2105 Er-

460 2138 586 2183 nesti
609 2135 872 2185 ahaurdum
891 2154 996 2186 ease
1009 2138 1249 2200 judicavit
1268 2151 1281 2185 τ
1301 2137 1482 2186 familia

462 2217 761 2265 Marciorum
789 2235 954 2283 regum
973 2220 1090 2269 aatia
1117 2231 1190 2268 eat
1214 2229 1347 2268 nota.
1367 2221 1480 2268 Son.

532 2297 585 2346 5.
609 2298 666 2344 In
689 2297 848 2345 altero
885 2297 992 2347 loeo
1029 2299 1263 2363 AEsopum
1286 2309 1334 2347 et
1359 2298 1482 2349 Q'm-

465 2377 599 2425 orum
624 2378 892 2427 subornare
911 2377 1241 2444 Iphigeniam,
1269 2381 1482 2443 Agame·

461 2472 688 2504 nunonem
715 2466 764 2504 ee
789 2458 1086 2506 Menelaum.
1117 2456 1233 2506 Sch.
1273 2456 1444 2505 aci-ibit
1465 2469 1479 2503 :

461 2555 486 2577 ι
503 2536 554 2582 in
576 2534 829 2600 Iphigenia
849 2546 1042 2599 agentes
1067 2509 1479 2601 Agamemnodm

462 2626 512 2663 et
533 2616 867 2685 Menelaum».
896 2616 976 2663 Sic
991 2650 1006 2675 ,
1027 2616 1186 2680 inquit
1203 2652 1220 2678 ,
1239 2616 1384 2681 plane
1401 2616 1480 2665 lo·

461 2710 577 2742 cum
599 2695 923 2754 restituimna,
949 2696 1001 2743 in
1023 2712 1124 2759 quo
1145 2695 1266 2743 mira
1295 2707 1372 2743 eat
1395 2710 1481 2743 va-

463 2773 606 2821 rietaa
629 2774 883 2839 acripturae
907 2775 961 2821 in
984 2774 1134 2825 codd.
1155 2774 1358 2822 Palatini
1373 2790 1478 2823 me·

461 2854 607 2903 liores
626 2867 640 2903 z
663 2854 956 2903 «subornari
994 2866 1052 2903 ut
1090 2855 1154 2903 ad
1177 2853 1478 2918 Iphigeniam

461 2934 514 2981 in
526 2936 940 2999 Agamemnonem
953 2946 1004 2983 et
1017 2934 1292 2983 Menelaum
1301 2954 1342 2983 ιο.
1357 2920 1482 2981 Gro-

463 3014 638 3063 noviua
663 3014 716 3061 in
747 3013 860 3061 cod.
895 3013 1113 3077 quodam
1135 3013 1321 3061 invenit
1339 3028 1354 3061 ε
1372 3014 1481 3061 «Ut

463 3093 542 3140 vel
577 3103 830 3155 vagantem
871 3093 1172 3157 Iphigeniam
1186 3113 1212 3134 a·
1231 3126 1248 3151 ,
1289 3091 1481 3140 omiaaia

462 3170 742 3221 nominibua
766 3173 1212 3236 «Agamemnonem
1241 3180 1291 3219 et
1309 3158 1481 3219 Mene-

461 3249 590 3296 laum
608 3264 662 3305 -;
691 3250 744 3297 iu
779 3248 909 3298 alio:
929 3252 1040 3297 ·Ut
1073 3249 1138 3297 ad
1177 3249 1476 3314 Iphigeniam

456 3328 776 3392 advagantem
805 3330 1213 3393 Agamemnonem
1235 3339 1284 3377 et
1309 3330 1480 3377 Mene·

462 3407 592 3455 laum
604 3427 646 3453 a.
665 3406 788 3455 Inde
824 3422 994 3471 parum
1023 3406 1226 3477 feliciter
1251 3408 1476 3458 Gronov.

460 3485 618 3535 eruit:
645 3486 754 3534 ..Ut
779 3486 842 3533 ad
870 3486 1170 3552 Iphigeniam
1189 3518 1204 3543 ‚
1243 3486 1478 3535 Calchan·

462 3577 586 3623 tem,
615 3567 1028 3629 Agamemnonem
1053 3576 1102 3612 et
1128 3566 1444 3613 Menelaum»
1461 3603 1474 3617 .

463 3646 586 3692 Nam
605 3644 725 3707 qnid
745 3660 913 3692 omnen
929 3645 1017 3693 baa
1038 3660 1269 3710 peraonaa
1288 3646 1368 3694 hic
1386 3664 1479 3695 me-

441 3738 650 3771 ·morare
689 3724 947 3782 attinebat,
975 3742 1126 3788 quum
1151 3740 1306 3773 unum
1335 3742 1477 3775 voca·

461 3801 628 3851 bulum
649 3802 830 3850 Atrida·
843 3804 1049 3867 imagine
1065 3814 1188 3853 eaaet
1203 3806 1478 3869 exprimen-

463 3880 597 3929 dum.
623 3883 680 3928 Iu
707 3881 820 3929 cod.
858 3882 1032 3931 Duiab.
1059 3894 1132 3931 est
1169 3884 1478 3933 «aubornare

463 3970 711 4022 uagantem
731 3958 1027 4023 Iphigeniam
1043 3984 1085 4011 n.
1106 3964 1348 4010 Mittimus
1365 3962 1476 4009 reli-

457 4054 572 4100 qua.
593 4040 649 4085 In
669 4048 931 4101 vagantem
960 4038 1074 4089 latet
1092 4053 1308 4104 agentes.
1327 4041 1471 4088 Nem-

450 4132 512 4183 pe
535 4116 584 4164 in
621 4116 852 4181 tragoedia
875 4117 1128 4183 Iphigenia
1163 4118 1263 4167 duo
1283 4131 1471 4169 actores

1561 1657 1781 1725 AEaopua
1818 1674 1867 1711 et
1905 1661 2100 1712 Cimber
2141 1663 2348 1727 agebant
2372 1662 2579 1726 Agame-

1560 1755 1793 1788 mnonem
1820 1753 1869 1790 et
1895 1744 2189 1792 Menelaum.
2219 1745 2287 1791 Ut
2316 1743 2465 1806 igitur
2498 1759 2581 1790 ex-

1562 1821 1851 1884 primeretur
1875 1822 2085 1886 imagine
2114 1820 2405 1870 vocabulum
2444 1821 2583 1869 Acri-

1564 1899 1670 1958 doe,
1687 1901 1809 1948 nihil
1832 1913 1934 1951 erat
1954 1903 2116 1966 aptius
2139 1918 2283 1966 quam
2303 1901 2467 1949 animo
2484 1901 2581 1948 sibi

1562 1977 1745 2044 fingere
1762 2003 1788 2023 α
1800 1983 2031 2047 AEsopum
2048 1993 2097 2030 et
2111 1982 2360 2030 Cimbrum
2375 1980 2425 2027 in
2450 1979 2587 2043 Iphi-

1566 2062 1703 2124 genia
1730 2071 1925 2125 agentes
1952 2063 2365 2124 Agamemnonem
2393 2070 2444 2107 et
2469 2059 2580 2106 Me-

1566 2139 1755 2188 nelaum
1771 2163 1811 2188 n.
1838 2141 1917 2188 Sic
1953 2140 2114 2188 omnia
2136 2138 2435 2203 planissima.
2466 2140 2579 2185 Seu.

1566 2242 1636 2254 —-
1652 2218 1845 2268 Erueati
1870 2229 2001 2268 tanta
2018 2220 2071 2267 in
2100 2218 2321 2266 varietate
2344 2217 2579 2265 librorum

1564 2297 1687 2347 nihil
1726 2298 1846 2347 certi
1878 2299 2102 2349 extricari
2138 2312 2280 2361 poaae
2315 2307 2471 2363 putat.
2509 2323 2580 2333 ——

1564 2377 1830 2427 Sabor-nati
1850 2390 1901 2425 ee
1941 2376 2243 2443 Iphigeniam
2278 2387 2542 2442 vagantem
2564 2411 2582 2433 ‚

1558 2459 1753 2506 ·omiaaia
1786 2461 1964 2523 Agam.
1995 2466 2045 2503 ee
2068 2456 2243 2505 Henel.
2272 2454 2385 2505 edd.
2412 2457 2547 2515 1476
2566 2490 2583 2515 ,

1564 2538 1701 2585 Med.
1734 2538 1884 2599 ¹⁴98·

1634 2618 1686 2666 6.
1716 2619 2053 2664 Transeamus.
2071 2616 2213 2663 Unus
2238 2614 2329 2663 MS
2356 2612 2579 2661 Lambin.

1562 2695 1902 2761 transigamus.
1950 2694 2045 2743 Sed
2080 2693 2206 2742 illud
2250 2708 2417 2741 vorum
2461 2702 2533 2740 est
2562 2708 2579 2749 ς

1564 2775 1801 2833 σαπείη,
1836 2774 1933 2823 hoc
1958 2784 2030 2823 eat
2044 2810 2060 2836 ‚
2086 2770 2293 2836 legendo
2324 2786 2583 2835 perenn-e-

1563 2871 1635 2903 re.
1662 2856 1873 2903 scaen.

1636 2949 1683 2994 7.
1710 2933 1831 2983 Cum
1846 2930 2156 2999 imaginibus.
2176 2930 2289 2979 Sch.
2306 2928 2432 2978 delet
2451 2943 2579 2975 eum.

1564 3012 1941 3078 Peroaitione,
1964 3011 2125 3076 inquit
2138 3046 2154 3069 ‚
2180 3010 2261 3058 hic
2280 3008 2419 3057 facile
2444 3024 2579 3055 care·

1562 3107 1685 3140 mna.
1697 3093 1764 3140 At
1782 3090 1947 3155 paullo
1967 3102 2081 3139 ante
2102 3090 2259 3140 dixit:
2282 3088 2575 3135 «verborum

1562 3169 1901 3219 aimilituditiea
1925 3169 2215 3233 imaginibus
2250 3166 2519 3231 exprimere
2532 3187 2576 3215 a.

1635 3251 1685 3299 8.
1728 3250 1932 3297 Natura·
1974 3248 2292 3313 suppeditabit
2330 3246 2382 3293 d.
2427 3246 2579 3293 Recte

1560 3327 1821 3375 Lambinus
1852 3342 1881 3373 e
1916 3318 2005 3381 MS
2043 3340 2145 3373 uno
2177 3322 2521 3389 suppedioabic‚
2542 3323 2579 3371 i.

1560 3423 1604 3455 e.
1640 3406 1887 3471 suppetiaa
1921 3405 2057 3455 feret.
2094 3404 2429 3466 suffragantur
2458 3400 2575 3450 cod.

1560 3485 1733 3533 Duiab.
1758 3484 1888 3534 Pith.
1913 3484 1978 3532 al.
2004 3484 2211 3531 Natum
2237 3492 2312 3530 est
2348 3481 2401 3531 h.
2434 3481 2470 3530 l.
2492 3497 2582 3527 na-

1560 3565 1705 3613 turali
1744 3563 1990 3613 ediscendi
2034 3562 2225 3622 labet-13
2250 3560 2473 3609 doctrina
2506 3572 2581 3609 eat

1560 3641 1822 3693 artificialia
1838 3643 2101 3705 imaginum
2116 3656 2248 3689 uana.
2268 3641 2413 3689 Multi
2430 3640 2582 3689 codd.

1560 3722 1745 3771 habent
1772 3722 2169 3787 seappeditabe'tur.
2194 3721 2293 3768 Scn
2302 3736 2412 3770 trra.
2430 3746 2503 3757 -—
2519 3721 2583 3767 Et

1568 3819 1681 3851 vero
1705 3803 1777 3850 aie
1792 3801 1905 3849 edd.
1922 3801 2058 3850 Med.
2085 3802 2216 3863 1498
2237 3834 2254 3859 ,
2284 3800 2435 3859 1476.

1635 3899 1684 3944 9.
1700 3883 1833 3929 Nam
1852 3891 2057 3943 nemque
2070 3880 2229 3927 altem
2254 3890 2481 3945 separata
2498 3878 2587 3925 mi·

1564 3978 1655 4008 mes
1676 3959 1945 4025 eriefirma.
1982 3956 2099 4005 Pau.
2130 3957 2353 4017 meliores
2374 3970 2387 4004 ε
2414 3978 2436 3997 ι
2456 3958 2581 4005 Nam

1563 4056 1710 4103 quum
1724 4054 1787 4085 ex
1808 4048 2011 4100 utraque
2032 4038 2179 4086 altera
2195 4046 2267 4083 est
2278 4046 2463 4098 parata,
2476 4051 2581 4082 ma·-

1560 4121 1633 4183 gis
1650 4118 1742 4167 erit
1758 4116 1893 4167 firma
1907 4139 1951 4167 ι».
1971 4118 2081 4165 Tol.
2104 4110 2293 4170 (jembl.
2318 4116 2399 4163 Rc.
2411 4136 2445 4169 ,ιι
2456 4112 2583 4161 Nam
