2982 4682
506 332 645 417 340
1182 332 1277 399 M.
1326 332 1401 397 T.
1458 332 1942 403 CICERONIS

500 456 679 529 tatio
716 454 1024 549 poterit:
1064 451 1423 521 inventam
1464 455 1794 523 exornari
1819 506 1840 537 ,
1881 466 1956 523 et
1991 466 2216 523 certas
2259 456 2340 524 in
2375 470 2612 553 partes

503 564 843 660 distingui
874 577 947 633 et
982 562 1475 631 suavissimum
1511 576 1654 647 est,
1684 576 1756 634 et
1787 586 2066 633 summe
2098 568 2570 637 necessarium
2589 622 2610 653 ‚

500 688 573 747 et
604 672 697 745 ab
732 674 902 743 artis
935 669 1403 770 scriptoribus
1445 674 1752 743 maxime
1787 672 2214 768 neglectum.
2255 677 2496 764 Quare
2539 694 2614 748 et

498 784 591 859 de
623 809 707 854 ea
744 782 1223 882 praeceptione
1250 779 1461 852 nobis
1497 784 1576 851 in
1601 781 1742 853 hoc
1771 782 1932 854 loco
1965 783 2350 856 dicendum
2383 789 2610 859 visum

498 908 607 967 est
619 897 710 980 ²4,
741 907 825 964 ut
860 892 948 963 ad
980 892 1471 961 inventionem
1493 886 1558 934 ²⁵
1589 896 1994 987 argumenti
2031 893 2389 965 absolutio
2427 920 2611 993 quo-

498 1028 644 1104 que
676 1000 1223 1099 argumentandi
1258 999 1798 1097 adjungeretur.
1833 1005 1920 1073 Et
1955 1026 2216 1101 magna
2247 1027 2408 1075 cum
2443 1029 2612 1077 cura

498 1127 571 1184 et
596 1111 961 1208 diligentia
996 1109 1197 1181 locus
1228 1109 1347 1181 hic
1382 1112 1616 1181 omnis
1645 1110 2209 1185 considerandus
2239 1128 2348 1185 est
2366 1168 2387 1199 ‚
2415 1114 2618 1212 quod

498 1246 649 1293 non
693 1222 939 1293 -solum
983 1220 1089 1289 rei
1146 1242 1401 1315 magna
1448 1220 1718 1292 utilitas
1775 1236 1921 1308 est,
1977 1220 2104 1293 sed
2161 1224 2614 1321 praecipiendi

492 1356 793 1431 quoque
828 1353 1107 1401 summa
1143 1327 1550 1401 difficultas.

592 1444 848 1513 XXXI.
896 1440 1145 1529 (xxxi.)
1186 1442 1437 1511 Omnis
1464 1440 1680 1537 igitur
1709 1444 2233 1537 argumentatio
2255 1454 2276 1487 ¹
2323 1459 2448 1515 aut
2485 1467 2618 1541 per

499 1548 992 1621 inductionem
1038 1548 1407 1619 tractanda
1445 1565 1592 1635 est,
1637 1563 1764 1620 aut
1805 1574 1935 1647 per
1977 1555 2612 1625 ratiocinationem.

496 1656 832 1733 Inductio
865 1674 970 1730 est
1010 1660 1275 1741 oratio⁹
1315 1683 1476 1756 quae
1507 1658 1726 1731 rebus
1765 1685 1916 1732 non
1953 1661 2192 1733 dubiis
2229 1676 2466 1761 captat
2503 1686 2616 1735 as·

500 1770 952 1871 sensionem²
984 1769 1173 1862 ejuS‚
1212 1770 1508 1865 quicum
1540 1769 1866 1841 instituta
1891 1785 2038 1857 est3
2077 1770 2342 1869 quibus
2383 1796 2618 1843 assen-

576 1944 660 1992 ²4-
700 1924 975 1983 Dicendum
1016 1933 1177 1983 visum
1203 1946 1289 1983 est.
1331 1936 1520 1982 ‘Vocem
1602 1950 1698 1998 per
1737 1934 2067 1983 inductionem
2113 1934 2377 1983 tractanda
2416 1946 2486 1983 ese
2499 1970 2514 1995 ,
2540 1946 2632 1983 aue

484 2016 665 2065 -ve'sum
682 2015 847 2063 omisit
864 2014 1103 2063 Gruterus
1116 2012 1399 2061 auctoritate
1418 2013 1520 2060 Pal.
1601 2028 1698 2076 per
1733 2012 2172 2063 ratiocinationem.
2215 2014 2455 2062 Laborant
2479 2015 2627 2063 inter-

509 2106 617 2144 tert.
646 2109 748 2141 uon
784 2090 1101 2142 omittendam
1136 2103 1323 2153 tamen,
1348 2106 1523 2155 nempe
1611 2102 1771 2154 prete·
1803 2092 1856 2139 in
1893 2090 1984 2139 hac
2022 2108 2139 2141 voce
2165 2092 2584 2141 ratiocinationem
2605 2110 2626 2141 .-

508 2188 651 2237 quam
698 2171 962 2219 ostendunt
1003 2170 1128 2221 Mss
1172 2180 1219 2217 et
1246 2168 1360 2219 edd.
1398 2176 1520 2217 vett.
1612 2169 1692 2217 alii
1713 2170 2057 2235 syllogismum,
2074 2170 2157 2217 alii
2172 2170 2511 2233 enthymema5
2530 2172 2630 2229 alii,

506 2269 613 2303 eam
645 2250 940 2299 restituimus
964 2250 1135 2308 etiam,
1158 2250 1269 2313 quia
1301 2248 1522 2312 sequitur
1610 2248 1966 2311 Quintilianum
2007 2260 2252 2297 auctorem
2277 2266 2380 2315 prte
2401 2266 2454 2298 ae
2479 2251 2632 2299 feren·

506 2331 869 2398 adjungeretur,
882 2328 1021 2392 quod
1036 2339 1154 2394 post
1162 2326 1423 2376 dicendum
1437 2338 1524 2386 est,

511 2410 737 2460 vitiosum
767 2418 906 2457 esset.
930 2407 1025 2455 Sed
1062 2405 1252 2454 videtur
1276 2407 1423 2454 fuisse
1450 2407 1526 2454 di-

510 2505 619 2538 cere
643 2486 805 2537 visum
830 2497 912 2534 ese.
940 2488 1071 2534 Ean.

581 2571 666 2618 25.
701 2569 789 2616 Ad
812 2565 1128 2614 inmaomm
1154 2564 1528 2629 argumentiab-

507 2649 679 2698 solutio
718 2661 913 2711 quoque
956 2643 1345 2709 αιῃηηιοηεαηᾰὶ.
1402 2643 1529 2692 Μ88

508 2727 709 2791 quidam
734 2727 879 2774 etiam
906 2725 1039 2774 cau.
1062 2733 1111 2772 et
1136 2722 1249 2771 edd.
1271 2732 1390 2771 vett.
1416 2732 1531 2770 aute

508 2806 693 2858 Aldum
720 2805 953 2853 omittunt
990 2802 1266 2868 argumenti
1302 2801 1365 2848 ab
1402 2800 1531 2848 Aldo

510 2887 767 2949 adjectum.
788 2887 923 2933 Ean.
940 2911 1008 2921 -—
1026 2882 1129 2931 Pal.
1170 2897 1270 2930 aec.
1292 2903 1318 2923 α
1338 2880 1532 2945 exposi-

516 2967 587 3016 tio
611 2979 809 3030 quoque
833 2961 1203 3026 argumentandi
1242 2959 1336 3021 adj.
1360 2979 1383 3002 ι
1426 2959 1534 3006 Pri·

516 3061 623 3094 mus
646 3065 672 3085 -
692 3040 1059 3107 argumentandi
1099 3040 1343 3088 absolutio
1378 3037 1476 3098 adj.
1507 3053 1529 3078 ο

514 3123 693 3170 omissa
715 3137 839 3170 voce
864 3118 1158 3184 argumenti.
1179 3120 1309 3166 Tert.
1330 3139 1355 3159 ι
1367 3119 1538 3164 iuven·

519 3202 703 3249 tionem
758 3197 1125 3262 argumentandi
1185 3196 1283 3260 adj.
1312 3217 1337 3238 ι-
1388 3197 1536 3243 Grev.

518 3278 827 3342 -argumenti
855 3276 1097 3324 absolutio
1124 3273 1263 3334 adj.»
1286 3275 1538 3322 Gan-r.—

518 3359 632 3409 Sch.
648 3359 759 3409 dat:
780 3357 1036 3405 «absoluta
1054 3369 1255 3419 quoque
1268 3355 1392 3402 ratio
1408 3369 1538 3416 arg..

514 3437 643 3490 cod.
670 3437 865 3496 Leid.,1
888 3470 903 3497 ,
924 3434 1110 3498 inquit,
1138 3433 1317 3480 omisso
1340 3432 1537 3479 absolu·

518 3518 587 3566 εἰο
601 3517 747 3566 habet
759 3513 887 3562 meio
908 3510 1314 3577 argumentandi,
1333 3510 1385 3558 id
1403 3509 1540 3574 qnod

514 3593 749 3646 Oudend.
778 3591 1017 3658 placebat.
1040 3591 1199 3640 Nobis
1221 3589 1455 3640 absolutio
1478 3605 1542 3636 ex

519 3675 740 3725 absoluta
796 3672 1107 3735 depravatum
1154 3687 1257 3720 esse
1304 3668 1498 3718 videtur
1525 3683 1538 3715 :

519 3756 743 3804 absoluta
768 3751 895 3800 ratio
926 3749 1051 3798 bene
1079 3749 1285 3806 dicitnr-3
1313 3764 1377 3796 an
1404 3763 1540 3810 eque

518 3835 645 3883 bene
671 3829 914 3880 absoluu‘o
940 3827 1329 3892 argumentandi
1353 3825 1543 3873 dicatur

518 3913 661 3962 valde
683 3911 977 3961 dubitamus.
1003 3905 1216 3954 -vide
1236 3921 1347 3968 sup.
1370 3919 1416 3952 c.
1440 3919 1507 3950 22
1523 3936 1540 3960 ,

518 3992 767 4040 absolutio
790 3986 1085 4052 partitionis.

590 4070 785 4120 XXXI.
816 4083 861 4112 ι.
907 4064 1076 4112 Omnis
1114 4062 1266 4130 igitar·
1302 4076 1412 4125 arg.
1456 4071 1546 4109 aue

1613 2338 1702 2385 tes,
1725 2326 2024 2392 epicherema
2043 2345 2146 2377 ease
2173 2329 2448 2378 voluerunt.
2479 2329 2630 2394 Equi-

1615 2406 1724 2454 dem
1753 2405 1910 2465 duco,
1939 2423 2090 2471 quum
2117 2409 2193 2456 he
2229 2419 2324 2456 tres
2358 2410 2526 2458 formae
2551 2409 2630 2457 vel

1613 2485 1799 2549 species
1846 2485 1942 2533 aiut
1979 2486 2364 2536 ratiocinationis
2383 2521 2400 2547 ,
2447 2487 2632 2536 nullam

1614 2579 1776 2611 earnm
1832 2563 1914 2611 hic
1963 2564 2288 2614 adhibendam
2337 2583 2454 2614 esse.
2505 2567 2630 2616 Nam

1615 2658 1768 2706 quum
1793 2643 1916 2690 infra
1953 2642 2228 2708 disputetur
2267 2655 2430 2693 utrum
2473 2645 2635 2692 tribua

1615 2735 1680 2768 an
1721 2721 1936 2784 quinque
1979 2722 2202 2786 partibus
2223 2735 2412 2773 constet
2437 2725 2631 2772 ratioci-

1617 2798 1782 2857 natio,
1803 2800 1900 2846 hoe
1921 2801 2124 2863 perinde
2153 2801 2280 2850 valet
2304 2818 2360 2850 ae
2385 2803 2430 2850 ai
2449 2818 2636 2866 quoera-

1619 2887 1698 2924 tur
1737 2887 1842 2926 utra
1873 2877 2259 2928 ratiocinationis
2300 2881 2454 2929 forma
2478 2881 2544 2929 ait
2569 2881 2637 2928 ad

1619 2969 1764 3020 qnam
1781 2967 1950 3006 ceterae
1977 2957 2142 3005 referri
2168 2957 2397 3016 debeant,
2431 2957 2636 3024 syllogi-

1619 3049 1807 3083 smasne
1849 3051 1912 3084 an
1964 3034 2273 3101 epicherema.
2305 3038 2636 3088 Ratiocinatio

1621 3124 1694 3161 eat
1729 3129 1792 3160 ex
1812 3113 1974 3177 aliqua
2001 3131 2052 3164 re
2081 3127 2212 3164 certa
2246 3116 2368 3164 aliua
2389 3117 2458 3164 rei
2485 3116 2640 3166 dedn-

1621 3192 1739 3251 ctio,
1776 3207 1886 3257 quat
1923 3193 1978 3240 in
2005 3211 2060 3242 ea
2099 3196 2456 3244 continebatur.
2481 3199 2638 3244 Inter-

1623 3272 1750 3337 preti
1786 3272 1934 3334 igitur
1959 3271 2132 3336 gallice
2167 3273 2426 3324 dicendum
2447 3287 2570 3340 puto
2593 3277 2640 3324 Ie

1623 3351 1980 3398 raisonnement
1990 3352 2068 3400 vel
2085 3353 2135 3400 la
2149 3353 2418 3402 deductiori.
2433 3354 2582 3416 Quod
2599 3355 2640 3402 si

1623 3429 1986 3494 epicheremata&
2013 3447 2136 3478 voce
2161 3432 2496 3495 Quintilianus
2525 3449 2641 3482 uma

1625 3519 1734 3570 eat;
1771 3509 1824 3556 in
1851 3524 1910 3556 eo
1935 3508 2313 3573 interpretando,
2343 3509 2636 3559 dicendum:

1625 3585 1980 3650 ΓέρίοΙιόι-ἐηισ,
2017 3587 2268 3644 admonito
2303 3588 2486 3636 lectore
2531 3593 2641 3652 quia

1623 3664 1686 3712 ait
1705 3663 1836 3713 illiue
1863 3667 1998 3715 vocia
2025 3667 2158 3730 apud
2179 3677 2424 3715 auctorem
2451 3683 2638 3717 sennua.

1627 3743 1798 3814 Cicero
1819 3744 1994 3807 aptiori
2019 3748 2214 3793 nomine
2249 3763 2366 3794 nsua
2383 3758 2454 3794 eat
2469 3779 2488 3806 ,
2505 3749 2642 3810 quod

1629 3823 1934 3870 retinendum
1957 3834 2096 3887 puto.

1699 3918 1749 3949 α.
1809 3903 2142 3952 Assensionem
2161 3939 2176 3962 ‚
2243 3917 2337 3953 etc.
2387 3902 2646 3952 Schiitnim

1629 3981 1712 4030 «lat
1733 3983 2028 4032 assensiones
2041 4017 2056 4040 ,
2082 3986 2196 4048 quia
2229 3983 2444 4048 nequitur
2471 3983 2648 4048 quibus

1631 4055 1999 4110 assense'onibus.
