2982 4682
751 415 876 482 AD
927 411 1511 498 HERENNIUM,
1563 412 1830 480 LmER
1883 413 2005 498 iv,
2050 417 2167 510 47·
2276 414 2288 432 ·
2386 413 2521 488 253

391 537 532 608 hoc
561 534 820 606 modo:
849 537 1156 636 «Neque
1189 557 1420 630 equus
1447 532 1879 610 indomitus,
1911 539 2239 631 quamvis
2272 555 2529 616 natura

394 642 582 718 bene
614 643 1064 740 compositus
1099 645 1220 728 sit,
1252 642 1561 714 idoneus
1592 657 1833 740 potest
1870 667 2025 715 esse
2063 644 2152 716 ad
2189 673 2307 719 eas
2341 654 2529 723 utili-

395 768 576 826 tates
597 765 653 841 7,
677 751 1368 850 quae'desiderantur
1392 752 1486 824 ab
1512 778 1703 850 equo
1724 779 1743 832 ;
1778 777 2019 850 neque
2060 755 2283 829 homo
2314 760 2529 834 indo-

377 879 587 950 'ctu8‚
623 865 948 960 quamvis
985 865 1075 932 sit
1111 863 1563 959 ingeniosuS‚
1602 862 1691 966 ad
1726 867 2065 934 virtutem
2111 882 2350 962 potest
2376 896 2535 966 per-

395 974 716 1066 venire».
760 979 916 1042 Hoc
947 970 1392 1066 probabilius
1426 969 1695 1042 factum
1732 987 1875 1060 est3
1916 973 2117 1069 quod
2162 979 2383 1074 magis
2425 999 2533 1053 est

398 1083 776 1154 verisimile
791 1075 848 1168 ⁸,
877 1107 1027 1154 non
1060 1107 1270 1180 posse
1307 1085 1645 1154 virtutem
1686 1086 1841 1154 sine
1880 1084 2207 1157 doctrina
2237 1112 2529 1186 compa-

396 1194 568 1280 rari,
606 1196 953 1290 quoniam
991 1217 1084 1262 ne
1123 1217 1354 1290 equus
1394 1192 1691 1288 quidem
1717 1205 1749 1251 9
1786 1194 2181 1267 indomitus
2222 1197 2531 1270 idoneus

394 1303 622 1400 possit
644 1327 820 1374 esse.
838 1307 1028 1399 Ergo
1047 1316 1420 1400 sumptum
1451 1317 1560 1373 est
1588 1287 1944 1400 probandi
1978 1329 2210 1376 causa.
2238 1311 2527 1378 Dictum

396 1429 502 1484 est
545 1428 786 1484 autem
833 1437 966 1510 per
1001 1416 1477 1508 negationem.
1535 1411 1617 1484 Id
1670 1415 1861 1483 enim
1896 1413 2379 1512 perspicuum
2422 1431 2530 1487 est

395 1523 486 1594 de
523 1525 761 1620 primo
805 1521 1286 1593 similitudinis
1321 1520 1565 1594 verbo.

488 1635 764 1704 XLVII.
798 1631 1072 1727 (nvn.)
1101 1637 1440 1702 Sumetur
1473 1647 1578 1717 et,
1611 1636 1931 1730 apertius
1958 1633 2250 1706 dicendi
2280 1661 2489 1708 causa
2509 1691 2529 1726 ,

393 1741 786 1813 similitudo
814 1765 944 1838 per
965 1741 1386 1813 brevitatem
1407 1751 1459 1827 ¹,
1482 1741 1623 1812 hoc
1648 1740 1904 1816 modo:
1937 1749 2066 1814 «ln
2088 1747 2395 1817 amicitia
2420 1771 2532 1844 ge-

394 1853 649 1938 renda,
681 1856 866 1923 sicut
909 1852 983 1920 in
1027 1855 1418 1922 certamine
1457 1853 1834 1936 currendi,
1878 1877 2027 1924 non
2062 1857 2157 1924 ita
2191 1861 2533 1929 convenit

393 1967 747 2046 exerceri,
791 1975 902 2046 ut,
950 1960 1192 2059 quoad
1245 1973 1543 2032 ‘necesse
1592 1966 1716 2048 sit,
1780 1967 2207 2060 pervenit-⁴3²
2254 1972 2528 2065 possis;

393 2071 520 2149 sed
559 2086 642 2142 ut
679 2070 1078 2170 productus
1112 2070 1354 2141 studio
1378 2126 1398 2156 ‚
1445 2084 1518 2140 et
1559 2070 1861 2156 viribu5‚
1896 2073 2081 2144 ultra
2125 2073 2533 2174 facilepro-

393 2207 635 2254 curras
655 2213 715 2250 ».
743 2185 920 2252 Nam
951 2180 1094 2251 hoc
1123 2181 1352 2250 simile
1377 2179 1403 2224 ³
1443 2197 1585 2268 est,
1613 2197 1697 2252 ut
1720 2187 2039 2280 apertius
2070 2185 2532 2286 intelligatur,

396 2292 580 2365 mala
611 2293 885 2363 ratione
921 2287 1177 2377 facere,
1206 2292 1336 2387 qui
1373 2290 1913 2389 reprehendant
1950 2317 2108 2379 eos,
2149 2297 2529 2392 qui‚verbi

394 2426 602 2475 causa
625 2456 644 2488 ,
697 2415 863 2498 post
915 2416 1226 2472 mortem
1279 2403 1488 2472 amici
1552 2401 1815 2475 liberos
1864 2403 2019 2499 ejus
2080 2406 2486 2479 custodiant
2507 2465 2525 2495 ‚

395 2652 560 2690 netum
579 2638 942 2687 asserebamus.-
951 2638 1068 2685 hinc
1081 2636 1422 2686 disserebamus

402 2738 489 2785 per
513 2720 841 2780 conjecturam
866 2718 960 2765 viri
983 2718 1134 2765 docti.
1164 2718 1382 2767 Euan.

472 2818 520 2862 7.
540 2801 627 2849 Ad
643 2816 728 2847 eas
754 2798 1008 2847 utilitates.
1030 2796 1184 2844 Addit
1209 2806 1260 2843 et
1276 2808 1422 2861 aptus

397 2877 474 2928 ed.
501 2876 636 2927 Med.
673 2880 824 2940 1498.
855 2878 978 2939 Quae
1003 2874 1152 2923 verbs
1182 2876 1420 2923 Gruterus

397 2974 446 3005 se
469 2957 700 3007 delevisse
727 2956 872 3013 dicit,
911 2954 1048 3018 quod
1091 2954 1154 3002 sb
1189 2955 1416 3002 omnibus

395 3038 513 3085 Pau,
544 3052 644 3087 uuo
670 3046 908 3099 excepto,
935 3044 986 3083 et
1019 3034 1171 3082 Bruil.
1197 3034 1412 3082 aberant.

465 3118 515 3165 8.
543 3118 655 3164 Hoc
689 3113 1010 3178 probabilius.
1029 3145 1044 3159 .
1065 3148 1078 3160 .
1125 3112 1413 3162 verisimile.

395 3200 502 3246 Hoc
519 3194 726 3257 intelligi
742 3208 842 3241 nou
862 3202 1026 3257 potest
1038 3226 1052 3249 ,
1073 3208 1162 3240 nec
1181 3192 1332 3256 magis
1347 3191 1419 3239 in·

396 3274 637 3337 telligetur
672 3275 710 3321 si
725 3310 739 3331 ‚
762 3288 856 3337 pro
879 3272 1016 3336 quod
1053 3270 1208 3337 magis
1233 3287 1260 3318 e
1285 3270 1416 3318 libro

395 3354 621 3411 suffridi,
642 3354 852 3415 corrigas
877 3367 938 3398 ac
964 3349 1150 3415 magis,
1183 3360 1267 3397 sut
1304 3364 1416 3396 cum

393 3433 654 3494 hmhino,
679 3432 816 3495 quod
835 3430 991 3479 mimas
1011 3446 1032 3476 .-
1052 3414 1344 3494 qusmt'lusm
1361 3428 1418 3475 id

393 3513 560 3578 paullo
595 3512 768 3559 melius
799 3521 872 3559 est
913 3510 978 3558 ad
1024 3508 1414 3573 intelligendum.

391 3592 594 3653 Conjeei
619 3608 674 3638 eo
688 3625 703 3646 ,
735 3590 872 3654 quod
905 3588 1080 3655 magis.
1101 3592 1280 3637 Sensus
1309 3598 1382 3636 est
1398 3602 1414 3635 ε

390 3672 509 3729 hoe,
539 3672 788 3720 hominem
815 3672 920 3718 sine
944 3670 1166 3718 doctrina
1187 3669 1412 3715 virtutem

391 3751 628 3815 consequi
653 3766 756 3798 non
789 3766 934 3814 posse
950 3785 967 3808 ,
993 3752 1082 3797 etsi
1109 3765 1198 3813 per
1224 3764 1274 3795 se
1303 3762 1417 3811 pro-

391 3831 550 3880 babile
575 3842 664 3880 est.
691 3832 760 3877 Ut
781 3828 904 3876 illud
929 3828 1153 3893 superius
1177 3826 1239 3875 de
1267 3827 1419 3891 impe·

389 3920 567 3972 utere,
588 3932 615 3953 ιι
627 3908 932 3975 probabilius
947 3908 1129 3954 factum
1145 3918 1218 3953 est
1243 3920 1305 3953 eo
1325 3906 1418 3967 (sc.

391 3992 592 4056 perid)
631 3989 768 4054 quod
793 3990 946 4053 magis
987 3986 1246 4035 verisimile
1275 3996 1385 4033 est»
1403 4018 1418 4041 ,

393 4072 456 4119 de
485 4086 618 4133 equo
633 4104 650 4129 ‚
668 4086 740 4120 se.
771 4084 872 4116 non
902 4067 1116 4115 domito.
1137 4066 1266 4113 Hine
1283 4064 1421 4111 addi-

393 4162 472 4199 tm·
491 4164 505 4198 :
523 4164 641 4214 ergo
656 4149 757 4197 hoe
770 4181 788 4211 ,
812 4147 874 4194 de
896 4161 1026 4209 equo
1041 4180 1056 4205 ‚
1077 4156 1322 4207 sumptum
1347 4154 1418 4191 est

1508 2639 1751 2703 probandi
1778 2655 1920 2688 causa
1934 2674 1950 2698 ‚
1972 2652 2029 2689 ut
2064 2642 2369 2707 probabilius
2390 2644 2529 2695 fleret

1506 2716 1631 2766 illud
1662 2717 1721 2765 de
1759 2719 1973 2767 homine.
2019 2721 2339 2785 Compar-etur
2376 2740 2527 2789 genus

1506 2812 1713 2861 sequens
1731 2798 2063 2847 similitudinis
2080 2836 2095 2857 ‚
2127 2800 2187 2848 de
2212 2818 2312 2865 quo
2352 2803 2525 2851 eodem

1506 2876 1659 2923 modo
1683 2876 1906 2939 praecipit
1926 2892 1938 2925 :
1964 2899 1986 2920 ι
2004 2876 2111 2924 nam
2133 2878 2230 2926 hoc
2252 2881 2407 2929 simile
2426 2894 2524 2942 est,

1504 2965 1560 3002 ut
1586 2955 1797 3019 apertius
1816 2951 2110 3019 intelligetur
2124 2978 2166 3003 a.
2194 2960 2321 3008 Ena.

1576 3050 1627 3095 9.
1658 3035 1735 3081 Ne
1758 3048 1911 3096 equus
1948 3034 2163 3097 quidem.
2204 3037 2347 3087 «Ner-
2373 3056 2526 3105 equus

1506 3112 1740 3175 quidem»
1761 3112 1837 3162 ed.
1858 3113 1989 3161 Med.
2026 3116 2178 3177 1498.

1576 3191 1782 3239 XLVII.
1814 3205 1835 3238 1
1848 3226 1862 3240 .
1882 3192 2107 3239 Sumeem·
2124 3206 2198 3252 ee,
2220 3197 2428 3260 apertius
2446 3200 2527 3248 di-

1506 3268 1651 3317 cendi
1665 3285 1813 3316 causa
1821 3304 1837 3327 ,
1857 3270 2115 3319 similitudo
2126 3288 2218 3337 per·
2229 3276 2524 3329 brevitatem.

1504 3350 1745 3412 Sequutns
1774 3366 1881 3397 sum
1920 3351 2045 3399 Psll.
2087 3369 2269 3403 omnes.
2294 3358 2447 3407 Bruil.
2477 3372 2525 3407 et

1505 3428 1687 3476 Pei-sini
1708 3428 1856 3479 codd.
1880 3433 2119 3479 «sumitur
2140 3444 2190 3481 et
2214 3450 2294 3499 ap.
2314 3435 2363 3483 d.
2390 3453 2435 3487 c.
2457 3441 2524 3486 si-

1504 3507 1615 3556 mile
1644 3520 1692 3557 et
1712 3524 1797 3573 per
1820 3508 1957 3557 brev.
1973 3533 1998 3551 n

1576 3602 1624 3634 α.
1654 3586 1906 3635 Pervenit-e·
1927 3588 2095 3651 posn's.
2148 3592 2329 3641 Venire
2362 3598 2525 3657 possis

1504 3667 1581 3715 ed.
1606 3666 1742 3715 Med.
1782 3669 1932 3730 1498.
1959 3670 2057 3717 Int.
2078 3680 2133 3716 ut
2164 3682 2341 3718 metam
2377 3675 2523 3723 attin-

1505 3760 1590 3809 gss
1607 3780 1624 3804 ‚
1652 3746 1705 3791 in
1728 3761 1823 3808 qna
1844 3748 2081 3810 tangenda
2107 3748 2309 3795 victoria
2328 3762 2415 3798 est.

1580 3824 1627 3871 3.
1672 3824 1805 3871 Nam
1830 3824 1923 3871 boe
1944 3824 2099 3873 simile
2122 3838 2210 3872 est.
2239 3826 2494 3877 Schiitzius
2510 3868 2525 3889 ‚

1508 3918 1659 3950 «nam
1682 3902 1779 3950 hoe
1801 3900 1957 3950 simile
1974 3913 2217 3966 sumptum
2245 3916 2317 3951 est
2338 3926 2384 3954 -.
2410 3908 2527 3957 Cor.

1508 3984 1771 4030 rectionem
1813 3983 1965 4039 hanc,
2006 3982 2167 4045 inquit
2187 4016 2203 4042 ,
2233 3999 2389 4032 nexus
2413 4004 2524 4037 cnm

1507 4058 1905 4109 antecedentibus
1932 4059 2147 4122 requirit.
2178 4060 2312 4109 Idem
2332 4078 2523 4129 postes:

1509 4150 1561 4187 uc
1587 4137 1951 4204 intelligeretur.
