2982 4682
477 322 626 411 430
1155 323 1252 390 Μ.
1305 321 1384 390 Τ.
1439 318 1931 394 CICERONIS

481 444 718 532 dedit,
735 436 1006 540 aliquid
1027 440 1374 539 derogare
1387 473 1446 512 κ.
1471 446 1627 514 Hoc
1652 443 1755 514 sic
1774 439 2095 512 breviter
2110 451 2145 499 9
2168 441 2611 538 expositum,

483 553 820 656 pluribus
849 551 1090 624 verbis
1125 566 1234 624 est
1265 567 1342 624 et
1357 551 1767 624 rationibus
1784 548 2401 638 confirmandum,
2420 565 2497 623 et
2518 553 2617 622 ita

479 690 638 742 esse
653 717 674 750 ,
695 677 780 736 ut
803 661 1292 760 descripseris,
1309 659 1870 734 ostendendum.
1892 665 2149 732 Postea
2170 659 2263 733 ad
2286 660 2396 748 id,
2412 661 2615 759 quod

481 773 849 848 definieris
871 827 892 861 ,
951 771 1222 846 factum
1269 771 1462 868 ejus,
1502 775 1631 870 qui
1676 767 2165 860 accusabitur,
2220 770 2614 870 adjungere

481 884 876 985 oportebit,
898 896 971 956 et
993 907 1082 954 ex
1103 908 1217 971 ee,
1235 881 1442 980 quod
1467 880 1867 954 ostenderis
1880 905 2065 968 esse,
2079 879 2285 953 verbi
2300 890 2367 926 ¹⁰
2380 905 2613 972 causa,

483 995 932 1091 majestatem
961 994 1312 1078 minuere,
1331 991 1597 1064 docere
1616 1045 1637 1080 ,
1656 990 2143 1063 adversarium
2172 992 2617 1087 majestatem

482 1108 828 1182 minuisse
845 1159 866 1192 ‚
893 1118 966 1176 et
987 1103 1186 1175 hunc
1205 1102 1452 1174 locum
1477 1115 1717 1174 totum
1746 1103 2117 1199 communi¹
2152 1099 2317 1172 loco
2348 1100 2611 1174 confir·

485 1243 718 1308 mare,
758 1241 892 1316 per
924 1239 1146 1312 quem
1167 1214 1394 1311 ipsius
1429 1211 1603 1284 facti
1632 1216 1967 1284 atrocius
1984 1266 2007 1300 ,
2034 1226 2161 1284 aut
2192 1210 2613 1310 indignitas,

483 1342 614 1404 aut
643 1329 947 1400 omnino
985 1324 1201 1421 culpa
1245 1347 1414 1394 cum
1449 1323 1953 1420 indignatione
1989 1338 2361 1420 augeatur.

581 1442 756 1510 Post
801 1437 938 1507 erit
980 1431 1414 1507 infirmanda
1457 1433 2029 1506 adversariorum
2070 1431 2477 1532 descriptio.
2511 1439 2616 1506 Ea

487 1561 728 1620 autem
776 1541 1288 1632 infirmabitur,
1324 1544 1383 1616 si
1427 1542 1605 1616 falsa
1646 1543 2285 1616 demonstrabitur.
2322 1547 2477 1614 Hoc
2522 1567 2619 1616 ex

485 1657 834 1756 opinione
862 1653 1246 1726 hominum
1273 1668 1628 1743 sumetur,
1656 1677 1921 1752 quum,
1964 1651 2615 1753 quemadmodum,

485 1782 564 1840 et
593 1764 867 1864 quibus
893 1764 968 1835 in
1021 1764 1242 1836 rebus
1281 1765 1617 1836 homines
1644 1767 1723 1836 in
1750 1764 2275 1838 consuetudine
2300 1763 2619 1836 scriben-

487 1876 599 1965 di,
645 1891 774 1950 aut
815 1874 1348 1948 sermocinandi
1383 1900 1474 1948 eo
1508 1874 1739 1947 verbo
1778 1877 1891 1946 uti
1924 1875 2241 1962 soleant,
2286 1873 2619 1946 conside·

483 1987 788 2062 rabitur.
831 1990 1016 2059 Item
1049 1984 1562 2074 infirmabitur,
1592 1989 1653 2058 si
1684 1986 1917 2083 turpis
1938 2037 1959 2072 ,
2002 1999 2129 2056 aut
2160 1984 2433 2056 inutilis
2466 2007 2621 2058 esse

485 2099 914 2176 ostendetur
955 2098 1114 2193 ejus
1161 2097 1668 2195 descriptionis
1716 2093 2177 2194 approbatio,
2214 2108 2287 2165 et
2324 2096 2419 2183 si,
2458 2118 2619 2191 quae

483 2208 951 2282 incommoda
977 2223 1520 2306 consequutura
1546 2211 1689 2279 sint
1710 2262 1729 2297 ,
1770 2231 1861 2279 eo
1887 2217 2332 2294 concessou,
2372 2219 2621 2278 osten·

485 2318 706 2395 detur
727 2331 831 2409 ¹²3
879 2319 952 2391 id
986 2333 1226 2392 autem
1253 2344 1358 2417 ex·
1379 2319 1783 2391 honestatis
1822 2332 1897 2390 et
1930 2318 2259 2389 utilitatis
2289 2315 2621 2416 partibus

487 2445 840 2515 sumetur,
877 2430 970 2501 de
995 2429 1266 2527 quibus
1293 2435 1370 2501 in
1397 2430 1939 2502 deliberationis
1981 2430 2617 2527 praeceptisexpo·

487 2566 746 2615 nemus
775 2568 794 2611 z
829 2555 904 2612 et
929 2542 1188 2612 sicum
1215 2538 1643 2614 definitione
1674 2536 1999 2613 nostra¹3
2046 2539 2617 2613 adversariorum

488 2650 994 2725 definitionem
1035 2650 1528 2744 conferemus,
1566 2668 1640 2724 et
1664 2668 1987 2724 nostram
2004 2706 2025 2739 ‚
2057 2674 2337 2739 veram,
2390 2650 2619 2723 hone·

487 2774 672 2835 stam
689 2816 712 2851 ,
747 2760 1002 2835 utilem
1037 2775 1192 2835 esse
1219 2762 1919 2852 demonstrabimus3
1962 2759 2251 2834 illorum
2276 2818 2295 2851 ,
2340 2776 2613 2835 contra.

560 2974 610 3023 9.
635 2960 737 3007 Hoc
756 2959 828 3015 sic
843 2960 1044 3009 breviter
1063 2960 1339 3027 expositum
1348 2994 1510 3010 .....
1604 2960 1743 3025 quod
1765 2977 1873 3010 non
1896 2960 2072 3010 melius
2097 2972 2185 3010 eet.
2202 2960 2625 3025 simplicissimum

489 3036 900 3104 confirmandum.
919 3040 1045 3099 Alii,
1072 3062 1095 3083 ι
1113 3041 1224 3090 Hoc
1243 3040 1284 3089 si
1303 3040 1521 3091 breviter
1606 3052 1680 3089 est
1697 3058 1809 3090 cum
1826 3039 2065 3088 Lambino
2084 3041 2348 3103 corrigere,
2374 3060 2397 3081 ι
2419 3056 2475 3087 ea
2500 3055 2621 3087 con-

490 3116 768 3182 expositum
788 3117 921 3182 (eat),
949 3118 1342 3169 confirmandum
1360 3130 1433 3168 ent
1446 3142 1489 3167 n.

564 3209 642 3242 ro.
663 3193 810 3242 Verbi
827 3212 1000 3247 causa.
1017 3200 1136 3245 Raee
1157 3198 1288 3246 delet
1314 3196 1513 3247 schiitz.

486 3272 716 3339 spurium
737 3288 864 3332 esse,
883 3276 1048 3339 inquit
1063 3310 1077 3335 ‚
1095 3277 1360 3325 hmbinus
1379 3289 1513 3326 recte

481 3350 756 3415 judicavit:
779 3367 891 3399 nam
920 3354 961 3401 si
989 3370 1174 3403 novum
1197 3355 1402 3419 aliquod
1424 3356 1510 3405 ci-

487 3446 602 3479 cero
618 3430 860 3494 proferret
876 3430 1154 3496 exemplum
1175 3450 1203 3481 e
1227 3432 1396 3482 multis
1421 3432 1513 3482 ele-

481 3520 618 3560 ctum
635 3545 649 3569 ,
675 3511 840 3559 locum
864 3510 1068 3561 haberet
1092 3534 1118 3555 ιι
1135 3512 1276 3562 verbi
1305 3530 1448 3562 caum
1468 3536 1513 3563 n.

482 3590 630 3640 Nune
667 3606 818 3655 qnam
853 3592 908 3639 in
943 3593 1118 3642 eodem
1157 3592 1246 3641 illo
1285 3594 1513 3659 exemplo

483 3670 548 3719 de
589 3692 616 3712 ι
631 3671 878 3733 majam-te
927 3672 1188 3722 minuenda
1207 3694 1229 3716 ι
1272 3684 1511 3733 versetur,

485 3766 576 3799 nec
611 3764 740 3798 nune
777 3750 974 3799 demum
1009 3752 1071 3800 de
1107 3768 1160 3801 ea
1190 3752 1350 3801 dicere
1380 3754 1514 3801 inei-

487 3830 619 3893 piat,
648 3828 914 3878 ridiculum
952 3842 1075 3879 esset
1114 3831 1292 3879 «verbi
1324 3846 1511 3879 causa»

485 3906 537 3955 h.
553 3908 594 3958 1.
615 3907 838 3970 adjicere.
857 3910 975 3958 Son.

563 4002 588 4032 ι
601 4002 622 4034 1
634 4022 649 4036 .
669 3988 742 4035 Eo
758 4004 1005 4037 concesso.
1019 3988 1131 4037 Hoc
1144 3987 1344 4053 quidem
1355 3988 1509 4038 vitio·

495 4078 602 4111 sum
642 4076 716 4113 est
741 4080 755 4115 :
790 4066 906 4116 edd.
925 4082 1008 4131 pr.
1035 4090 1062 4109 «-
1078 4068 1149 4116 eis
1185 4068 1427 4118 concessis
1447 4092 1472 4111 n
1494 4082 1508 4116 ε

1603 3134 1735 3167 cessa
1762 3140 1809 3169 ι.
1852 3119 2065 3181 Quidam
2103 3118 2219 3166 libri
2260 3117 2443 3167 habent
2482 3116 2617 3183 ejus,

1602 3196 1734 3245 unde
1780 3194 2101 3261 Oudendorp.
2146 3197 2263 3245 tacit
2310 3219 2335 3239 ι
2354 3196 2463 3256 ejus
2504 3210 2625 3245 eon·

1604 3293 1741 3325 cessu
1759 3297 1781 3318 ι
1804 3288 1817 3323 :
1855 3274 1943 3323 sed
1970 3275 2022 3323 id
2050 3276 2110 3324 de
2142 3274 2391 3341 personis,
2426 3292 2533 3324 non
2560 3274 2625 3323 de

1600 3355 1745 3404 rebus
1776 3354 1971 3403 dicitur.
1996 3358 2125 3403 Eur.
2154 3382 2224 3393 -—
2250 3352 2507 3405 Schiitzius
2538 3354 2623 3404 de·

1600 3432 1675 3481 dit
1695 3446 1709 3481 :
1748 3456 1771 3477 ι
1792 3450 1847 3481 ea
1876 3448 2103 3481 concensu
2122 3454 2166 3482 a.

1676 3528 1757 3561 ια.
1785 3512 2083 3563 Ostendetur.
2110 3512 2393 3575 Schfitzim,
2428 3524 2627 3562 auctore

1600 3591 1733 3641 Oud.
1764 3610 1793 3641 e
1825 3592 1941 3644 cod.
1970 3594 2107 3644 Leid.
2136 3612 2180 3655 ι,
2218 3594 2400 3659 :eoepit
2422 3594 2627 3642 demon-

1600 3671 1848 3728 strabitur,
1888 3688 1953 3719 ne
1987 3673 2063 3721 bis
2089 3673 2219 3721 idem
2250 3672 2455 3721 verbum
2490 3670 2625 3720 dein-

1602 3766 1717 3816 ceps
1741 3750 1959 3814 positum
1982 3751 2272 3801 offenderet.

1678 3832 1761 3878 13.
1802 3830 1865 3877 Ee
1894 3829 1939 3878 si
1971 3847 2081 3879 cum
2118 3830 2399 3902 definitione
2440 3842 2625 3881 nostra.

1599 3908 1735 3957 Libri
1762 3908 1973 3958 stiffi-edi
2000 3912 2160 3959 nostri
2184 3910 2337 3959 verbo
2355 3912 2619 3959 auctiores:

1604 4010 1626 4033 ι
1648 3998 1697 4037 et
1735 3988 1777 4037 ei
1816 3986 2145 4039 infirmabitur
2183 4006 2297 4039 cum
2332 3986 2623 4038 definitione

1598 4078 1762 4115 nostra
1785 4088 1831 4116 ι.
1868 4066 1987 4119 Pan.
2007 4086 2109 4118 non
2126 4070 2338 4129 variant,
2366 4066 2464 4115 nisi
2486 4065 2623 4131 qnod
