2982 4682
722 310 1896 451 ORATORIAEXPARTITIONES,
1951 363 2061 435 38.
2303 364 2450 441 625

260 470 281 485 ‘
328 476 744 572 Expositum
770 492 879 549 est
902 532 921 566 ,
962 493 1045 548 ut
1078 480 1287 575 potui
1321 476 1777 568 brevissime,
1815 482 1908 555 de
1937 486 2136 556 omni
2167 504 2454 565 contro·

328 588 717 659 versiarum
758 610 1023 683 genere
1060 614 1075 657 :
1126 587 1261 657 nisi
1306 602 1648 685 praeterea
1683 605 1763 660 tu
1807 592 1986 687 quid
2021 586 2348 692 requiris.

426 695 1155 792 xxxv111.(xn1u.)
1200 702 1278 769 C.
1320 702 1392 767 F.
1426 698 1616 770 Illud
1649 700 2026 797 equidem,
2070 704 2271 799 quod
2297 706 2444 801 jam

330 830 557 877 unum
592 822 859 879 restare
894 807 1135 892 vide03
1172 808 1383 905 quale
1404 813 1540 897 sit,
1586 834 1812 908 quum
1843 806 2266 911 disceptatio
2293 842 2450 889 vei·-

326 928 569 987 satur¹
620 919 694 987 in
733 920 1152 1016 scriptis.·—'
1187 923 1267 991 C.
1304 923 1377 989 Ρ.
1428 926 1648 991 Recte
1695 920 2079 1018 intelligis:
2127 946 2216 993 eo
2253 930 2446 997 enirn

326 1029 685 1123 exposito,
724 1053 991 1099 munus
1020 1031 1392 1127 promissi²
1431 1054 1640 1099 omne
1677 1028 2084 1103 confecero.
2113 1036 2340 1103 Sunt
2323 1038 2449 1131 igi·

328 1152 445 1208 tur
478 1138 799 1235 ambigui
844 1130 1131 1211 duobus
1170 1136 1589 1209 adversariis
1625 1154 1980 1243 praecepta
2011 1145 2442 1213 communia.

327 1251 647 1344 Uterque
674 1249 865 1319 enim
898 1248 1087 1321 hanc
1129 1246 1760 1344 significationem,
1807 1273 1945 1343 qua
1987 1264 2233 1321 utetur
2261 1253 2450 1348 ipse,

326 1354 615 1453 dignam
662 1358 1029 1455 scriptoris
1075 1355 1464 1461 prudentia
1509 1380 1662 1443 esse
1719 1356 2093 1447 defendet3
2143 1375 2453 1458 uterque

326 1464 433 1553 id,
473 1466 673 1564 quod
714 1466 1155 1545 adversarius
1200 1492 1291 1538 ex
1340 1464 1676 1561 ambigue
1717 1470 1990 1565 scripto
2037 1468 2446 1568 intelligen-

324 1576 499 1647 dum
554 1602 706 1647 esse
744 1576 970 1664 dicet,
1024 1591 1151 1647 aut
1193 1574 1630 1660 absurdum,
1659 1590 1782 1647 aut
1813 1577 2104 1667 inutile,
2141 1594 2265 1650 aut
2315 1582 2449 1652 ini-

322 1710 583 1782 quum,
632 1700 757 1757 aut
818 1702 1031 1783 turpe
1090 1708 1247 1756 esse
1304 1682 1684 1769 defendet,
1732 1700 1860 1756 aut
1920 1687 2134 1759 etiam
2179 1688 2450 1761 discre-

320 1818 493 1891 pare
536 1810 701 1865 cum
752 1796 1007 1866 ceteris
1052 1794 1364 1891 scriptis,
1408 1793 1523 1886 rel
1565 1794 1902 1881 aliorum,
1963 1795 2071 1867 vel
2111 1801 2452 1887 maxime,

322 1904 381 1974 si
436 1905 739 2001 poterit,
796 1905 1163 1999 ejusdem3
1224 1920 1600 2030 quam-que
1651 1900 1990 1973 defendet
2049 1906 2238 2031 ipse,
2293 1934 2452 1983 eam

322 2038 473 2085 rem
529 2031 601 2087 et
665 2015 1093 2087 sententiam
1158 2017 1510 2111 quemvis·
1557 2014 1990 2111 prudentem
2049 2031 2120 2086 et
2169 2018 2450 2112 justum

322 2122 721 2209 hominem,
775 2129 833 2195 si
884 2126 1249 2221 integrum
1306 2121 1634 2211 daretur,
1690 2126 2128 2233 scripturum
2186 2124 2450 2217 fuisse,

322 2233 448 2305 sed
510 2220 833 2332 planius3
904 2258 1211 2333 eamque
1268 2233 1736 2319 sententiam,
1787 2256 2006 2329 quam
2068 2236 2452 2331 significari

324 2368 534 2440 posse
574 2345 764 2416 dicet
780 2344 836 2432 ³,
882 2343 1062 2452 nihil
1110 2340 1417 2429 hahere,
1470 2357 1600 2414 aut
1638 2344 2028 2441 captionis,
2078 2359 2204 2416 aut
2245 2349 2446 2418 vitii·
2427 2403 2450 2436 ,

322 2456 755 2526 contrariam
785 2469 1025 2526 autem
1072 2457 1127 2526 si
1173 2451 1526 2551 probarit,
1554 2449 1766 2540 'fore,
1807 2467 1888 2523 ut
1947 2453 2174 2554 multa
2235 2457 2402 2528 vitia
2423 2513 2444 2546 ,

320 2565 573 2652 stulta,
606 2569 890 2664 iniqua,
924 2548 1283 2636 contraria
1318 2578 1878 2659 consequantur.
1920 2567 2164 2654 Quum
2203 2580 2448 2638 autem

318 2672 515 2744 aliud
542 2677 851 2773 scriptor
872 2675 1174 2747 sensisse
1208 2671 1517 2758 videtur,
1545 2686 1620 2742 et
1647 2670 1838 2748 aliud
1871 2673 2232 2770 scripsisse
2261 2701 2278 2744 ε
2313 2675 2442 2771 qui

320 2784 591 2879 scripto
618 2789 911 2872 nitetur,
942 2808 1143 2868 eum,
1176 2807 1255 2853 re
1282 2781 1604 2878 exposita
1620 2832 1640 2867 ,
1660 2781 2080 2852 recitatione
2107 2785 2212 2852 uti
2239 2807 2450 2880 opor·

320 2892 543 2980 tebit3
600 2888 861 2964 deinde
896 2898 1159 2964 instare
1200 2890 1654 2974 adversarie,
1705 2891 2000 2975 iterare,
2051 2913 2440 2978 renovare,

318 3004 793 3098 interrogare,
845 3026 1019 3072 num
1092 3016 1215 3072 aut
1275 3000 1626 3096 scriptum
1689 3011 1942 3092 neget,
2006 3013 2130 3068 aut
2193 3015 2444 3100 contra

316 3109 585 3181 factum
614 3109 981 3180 infitietur.
1020 3115 1217 3194 Post,
1249 3106 1566 3204 judicem
1613 3106 1702 3176 ad
1737 3111 1884 3176 vim
1929 3109 2176 3206 scripti
2206 3123 2439 3182 vocet.

319 3223 465 3290 Hac
500 3217 1052 3289 confirmatione
1096 3243 1301 3307 usus,
1338 3213 1730 3314 amplificet
1768 3241 1924 3288 rem
1955 3217 2112 3316 lege
2145 3218 2442 3291 laudan-

320 3325 443 3412 da,
505 3327 1021 3424 audaciamque
1079 3325 1405 3400 confutet
1468 3327 1656 3424 ejus,
1717 3328 1844 3423 qui
1903 3351 2136 3424 quum
2207 3329 2439 3422 palam

318 3451 571 3508 contra
589 3437 873 3524 fecerit,
904 3437 1121 3534 idque
1151 3435 1481 3523 fateatur,
1507 3436 1690 3508 adsit
1719 3451 1958 3514 tamen
1976 3491 1995 3524 ,
2020 3435 2440 3536 factumque

318 3545 677 3618 defendat.
710 3546 991 3618 Deinde
1021 3545 1340 3619 infirmet
1366 3546 1891 3635 defensionem,
1934 3571 2161 3644 quum
2202 3548 2442 3622 adver-

386 3755 683 3822 xxxVJn.
721 3772 769 3804 1.
810 3759 1055 3806 Versatur.
1092 3756 1181 3805 Ed.
1201 3739 1329 3804 Ven-
1420 3765 1524 3801 tum
1543 3763 1616 3802 est
1635 3753 1930 3818 exquisitius
1942 3763 2038 3801 ete
2011 3751 2288 3816 hlegantiun
2309 3755 2440 3804 Ean.

316 3845 547 3884 versetur.
564 3837 691 3884 Ειιιι.
722 3863 785 3873 -
808 3837 882 3882 De
904 3852 957 3883 re
986 3836 1116 3884 conf.
1144 3837 1331 3884 Invent.
1495 3835 1544 3882 3.
1566 3837 1710 3882 Posse
1726 3834 1865 3882 dicet.
1891 3827 1984 3882 RS
2005 3834 2063 3881 E.
2082 3831 2160 3881 ed.
2162 3835 2236 3880 Ve
2209 3849 2289 3882 em
2303 3833 2357 3881 di
2338 3851 2402 3883 ιισ
2395 3833 2440 3896 ἐ,

320 3913 366 3958 11
384 3944 398 3968 ‚
426 3914 606 3969 40-48.
816 3946 825 3954 .
1422 3927 1508 3961 nm
1511 3928 1526 3959 ι
1555 3912 1692 3960 bene.
1712 3914 1842 3961 Eur.
1860 3938 1930 3949 —
1951 3911 2084 3960 Idem
2105 3912 2330 3962 Ernesti
2335 3915 2441 3966 nfra

392 4007 439 4040 ·ι,
462 3993 635 4039 Munus
664 3991 901 4056 promissi.
936 3995 1025 4044 MS
1059 3992 1117 4043 E.
1158 3993 1334 4059 «quod
1425 3991 1766 4042 monim-ium
1813 4003 2018 4040 anatem
2061 4006 2220 4054 pro·
2244 4007 2303 4038 co
2273 4005 2442 4042 omn-1

316 4061 515 4125 promisi
571 4078 715 4110 omne
760 4065 1017 4114 confecero
1041 4088 1066 4109 ιι
1112 4085 1121 4112 :
1170 4069 1334 4132 vulg·-
1426 4071 1590 4118 riam-
1565 4081 1771 4119 n-utem

462 4151 515 4216 I,
550 4161 646 4211 Cic.
655 4163 957 4229 pas-spritu.
2109 4159 2204 4241 [20
