2982 4682
493 421 622 514 ‚94
1173 413 1267 478 M.
1317 413 1390 478 T.
1443 409 1932 479 elcERoMs

579 544 769 612 xm.
809 537 1030 632 (xm.)
1063 536 1387 630 Dignitas
1424 547 1572 616 est,
1618 553 1780 628 quae
1817 526 2052 598 reddit
2081 539 2419 597 ornatam
2447 551 2611 596 ors-

481 653 797 736 tionem,
839 641 1695 736 varietate'distinguenS.
1750 641 1916 708 Haec
1964 637 2039 705 in
2084 635 2475 706 verborum
2542 647 2613 704 et

479 757 992 831 sententiarum
1019 759 1040 796 ¹
1083 752 1623 823 exornationem
1668 745 2029 817 dividitur.
2060 744 2467 817 Verborum
2498 769 2615 814 ex·-

484 873 764 940 ornatio
794 880 937 952 est,
981 888 1139 959 quae
1179 863 1402 959 ipsius
1443 859 1800 929 sermonis
1830 857 2164 954 insignita
2203 857 2617 927 continetur

485 975 990 1075 perpolitione.
1017 973 1548 1044 Sententiarum
1582 972 1958 1040 exornatio
1996 982 2139 1044 est,
2176 991 2335 1065 quae
2366 967 2615 1038 nonin

481 1082 871 1170 verbi8‚sed
886 1083 1148 1178 inipsis
1163 1079 1382 1150 rebus
1398 1077 1787 1175 quamdam
1809 1075 2059 1146 habet²
2076 1075 2619 1176 ‹lignitatem.“*

586 1194 946 1290 Repetitio
987 1205 1125 1271 est,
1172 1213 1404 1284 quum
1451 1189 1918 1258 continenter
1954 1185 2044 1256 ab
2084 1213 2234 1257 uno
2272 1211 2456 1284 aque
2498 1211 2620 1256 eo-

490 1305 655 1375 dem
707 1299 931 1373 verbo
973 1303 1046 1369 in
1103 1295 1322 1368 rebus
1364 1295 1718 1368 similibus
1763 1310 1835 1366 et
1886 1295 2180 1366 diversis
2221 1291 2621 1394 principia-'⁸

490 1427 904 1492 sumuntur,
933 1409 1072 1482 hoc
1100 1407 1359 1480 modo:
1389 1405 1667 1478 «Vobis
1696 1403 1887 1478 istud
1917 1404 2456 1479 attribuendum
2486 1419 2623 1490 est,

489 1519 694 1596 vobis
743 1519 970 1617 gratia
1032 1514 1404 1601 habenda,
1468 1514 1681 1588 vobis
1726 1539 1841 1588 res
1898 1518 2029 1591 ista
2092 1520 2227 1588 erit
2286 1515 2549 1588 honori
2568 1547 2623 1585 a».

492 1637 709 1715 Item,
742 1661 772 1694 α
805 1630 1044 1726 Scipio
1089 1629 1559 1700 Numantiam
1604 1625 1933 1712 sustulit,
1972 1628 2211 1724 Scipio
2262 1626 2627 1722 Carthagi-

495 1763 661 1816 nem
701 1738 1002 1823 delevit,
1049 1738 1296 1834 Scipio
1333 1761 1587 1833 pacem
1630 1736 1952 1833 peperit,
1996 1738 2234 1835 Scipio
2270 1739 2629 1840 civitatem

497 1851 875 1920 servavit».
907 1853 1120 1932 Item,
1147 1849 1304 1914 «Tu
1341 1847 1416 1914 in
1446 1844 1682 1915 forum
1715 1844 2040 1942 prodire,
2077 1862 2157 1916 tu
2196 1848 2428 1918 lucem
2464 1872 2634 1918 con-

500 1961 819 2056 spicere,
846 1972 924 2028 tu
953 1958 1026 2025 in
1066 1955 1328 2026 horum
1369 1968 1840 2054 conspectum
1880 1957 2121 2026 venire
2158 1957 2479 2028 conaris?
2504 1981 2629 2026 au-

503 2069 630 2140 des
667 2067 969 2139 verbum
1017 2061 1298 2136 facere?
1341 2063 1561 2136 audes
1593 2061 1991 2162 quidquam
2031 2065 2121 2136 ab
2162 2067 2314 2138 istis
2354 2066 2636 2164 petere?

505 2179 746 2250 Audes
791 2175 1226 2274 supplicium
1273 2175 1695 2272 deprecari?
1745 2174 1936 2266 Quid
1978 2190 2122 2263 est,
2163 2177 2363 2272 quod
2410 2176 2636 2274 possis

503 2287 934 2369 defendere?
963 2285 1138 2383 quid
1167 2302 1272 2357 est
1291 2340 1310 2373 ‚
1335 2285 1537 2382 quod
1563 2283 1825 2356 audeas
1854 2284 2256 2383 postulare?
2290 2285 2467 2385 quid
2494 2300 2637 2371 est,

506 2398 704 2498 quod
746 2398 875 2468 tibi
921 2412 1130 2495 putes
1163 2396 1461 2466 concedi
1502 2396 1893 2493 oportere?
1926 2398 2087 2467 Non
2125 2395 2638 2492 jusjurandum

511 2510 952 2606 reliquisti4?
979 2531 1126 2577 non
1157 2506 1424 2575 amicos
1452 2503 1869 2603 prodidisti?
1894 2530 2043 2577 non
2074 2509 2349 2601 parenti
2388 2530 2643 2577 manus

513 2617 851 2689 intulisti?
871 2641 1020 2687 non
1043 2615 1358 2711 denique
1382 2618 1458 2683 in
1473 2616 1671 2683 omni
1698 2613 2055 2686 dedecore
2090 2615 2455 2691 volutatus
2484 2618 2646 2686 θεῖ’»)

511 2732 674 2799 Haec
710 2727 1118 2805 exornatiO,
1161 2747 1386 2821 quum
1425 2724 1735 2793 multum
1774 2730 2160 2796 venustatis
2198 2724 2415 2797 habet
2438 2783 2457 2811 ,
2487 2742 2642 2796 tum

513 2837 873 2933 gravitatis
903 2850 976 2905 et
1004 2834 1406 2909 acrimoniae
1437 2833 1856 2930 plurimum.
1898 2838 2139 2925 Quare
2176 2836 2460 2907 videtur
2494 2860 2648 2907 esse

517 2941 928 3015 adhibenda
979 2957 1049 3014 et
1086 2940 1176 3032 ad
1212 2941 1612 3013 ornandam
1658 2958 1731 3014 et
1766 2943 1855 3013 ad
1902 2938 2448 3042 exaugendam⁵
2493 2970 2649 3017 ora·

517 3068 814 3123 tionem.

593 3196 731 3243 xm.
765 3208 810 3245 1.
833 3194 900 3239 Ee
915 3192 1277 3241 sententiarum.
1307 3194 1420 3243 Sch.
1449 3218 1476 3237 ‹-
1488 3207 1537 3244 ct
1630 3201 1846 3245 Fortasse
1865 3198 1925 3246 de
1944 3198 2201 3247 verborum
2218 3202 2534 3249 exorantibus
2548 3203 2647 3267 pri-

517 3275 572 3322 in
597 3274 941 3321 sententiarum
959 3292 1006 3321 n.
1037 3274 1098 3319 In
1129 3272 1429 3333 addidimus,
1462 3274 1540 3322 in·

519 3352 658 3417 quit,
685 3350 876 3399 cVoss.
903 3366 945 3409 x,
967 3350 1028 3411 3,
1059 3351 1192 3400 Laid.
1213 3366 1259 3421 t,
1291 3368 1345 3413 ο,
1376 3354 1433 3413 3,
1459 3354 1538 3401 ed.

517 3430 720 3478 mediol.

591 3525 639 3556 a.
693 3507 856 3555 Habet
899 3506 1208 3573 dignitatem.
1258 3510 1377 3557 Post
1431 3508 1537 3557 haee

517 3586 665 3636 verba
691 3586 912 3635 Iseum-
931 3602 1033 3635 esse
1053 3588 1278 3637 arbitror.
1301 3588 1426 3637 Nam
1443 3606 1531 3637 sn-

522 3680 635 3717 etor
661 3666 743 3713 hie
773 3682 961 3731 semper
987 3668 1250 3731 proponit,
1275 3666 1337 3714 de
1358 3668 1537 3732 quibus

519 3746 738 3795 dicturus
761 3746 850 3803 sit,
893 3760 979 3809 per
1018 3746 1326 3809 partitionem
1355 3760 1369 3795 :
1399 3746 1537 3811 quod

513 3826 599 3876 hie
626 3840 728 3873 non
763 3834 850 3871 est.
883 3824 1051 3871 Sermo
1076 3836 1237 3872 sutem
1269 3826 1444 3889 incipit
1476 3824 1537 3873 de

519 3904 773 3969 generibus
791 3902 1120 3951 exornationis
1139 3905 1188 3951 in
1205 3904 1381 3951 verbis.
1407 3906 1539 3953 Exn.

517 4011 581 4018 -
611 3984 702 4031 Hie
729 3998 882 4046 pauca
909 3983 1130 4045 quiedam
1170 3984 1314 4030 verba
1345 3984 1541 4032 interci-

513 4058 722 4114 derunt,
767 4060 944 4123 quibus
983 4062 1210 4109 transitus
1242 4061 1303 4108 ad
1329 4064 1540 4127 singulas

521 4138 780 4183 verborum
807 4141 1152 4187 exornationes
1177 4142 1539 4191 continebatur.

1626 3292 1761 3323 mum
1785 3275 2018 3327 dicemus.
2038 3276 2112 3327 cf.
2144 3294 2250 3345 cap.
2273 3280 2339 3337 34
2357 3290 2482 3329 extr.
2500 3280 2615 3327 Scu.

1701 3354 1752 3405 3.
1779 3354 2056 3419 Principia,
2077 3358 2225 3406 scilic.
2244 3358 2483 3423 phraseon
2500 3394 2515 3419 ,
2546 3370 2605 3409 ut
2625 3375 2654 3406 e

1626 3432 1939 3497 sequentibus
1960 3448 2177 3501 apparet.

1700 3518 1748 3567 4.
1768 3512 1877 3560 Non
1892 3512 2239 3579 jusjurandum
2254 3514 2652 3581 reliquiste'e’Sch.

1624 3613 1651 3633 α
1672 3590 1789 3641 Non
1836 3594 2180 3655 jusjurandum
2234 3598 2575 3661 contempsisti
2604 3620 2649 3645 ι.

1625 3673 1697 3721 Ita
1733 3672 1847 3719 cod.
1880 3672 1979 3719 Erf.
2004 3672 2148 3721 Voss.
2172 3674 2200 3720 3
2222 3709 2236 3733 ,
2276 3673 2408 3724 Leid.
2436 3692 2495 3736 2,
2527 3676 2649 3725 edit.

1626 3750 1829 3799 Mediol.
1860 3777 1931 3787 —
1958 3752 2190 3800 Omnium
2218 3770 2331 3817 quae
2360 3754 2522 3803 adhuc
2551 3754 2655 3803 vidi

1624 3832 1953 3893 exemplorum
1991 3834 2464 3883 vehementissimum
2492 3836 2654 3895 istud,

1628 3910 1767 3969 cujus
1801 3910 1986 3973 aliquid
2024 3912 2183 3960 simile
2218 3914 2270 3962 in
2308 3914 2535 3963 Catilina
2576 3914 2653 3961 in·

1628 3989 1912 4037 sectatione.

1704 4066 1753 4115 5.
1784 4066 1851 4113 Ee
1873 4066 1948 4115 ad
1971 4071 2337 4136 exaugendam.
2362 4074 2545 4137 Recepi
2568 4089 2657 4136 pro

1630 4146 1841 4211 simplici
1866 4148 2149 4213 aagendam
2188 4167 2249 4197 ex
2287 4150 2411 4201 MSS
2435 4152 2661 4216 pluribus
