2982 4682
787 320 912 386 AD
959 317 1545 404 ΗΕΒΕΝΜΗΜ,
1597 319 1869 388 LIBER
1918 319 2018 403 11,
2067 327 2179 413 2'9.
2423 317 2555 388 103

407 440 616 539 plum
653 439 1000 512 vitiosum
1053 453 1198 528 est,
1254 444 1311 510 si
1359 453 1488 511 aut
1530 437 1791 512 falsum
1832 452 1976 526 est,
2026 454 2109 510 ut
2152 438 2550 537 reprehen-

407 549 624 624 datur
655 577 674 622 :
707 563 836 622 aut
859 551 922 622 si
955 549 1378 648 improbum
1401 607 1422 641 ,
1457 565 1543 623 ut
1578 576 1733 622 non
1774 552 1867 622 sit
1900 550 2335 623 imitandum
2370 578 2386 620 ε
2428 566 2553 624 aut

409 661 696 758 majns‘
716 717 737 750 ,
769 675 896 734 aut
919 661 1164 734 minus
1184 716 1205 751 ‚
1251 686 1476 760 quam
1512 686 1629 734 res
1673 660 2069 762 postulabit
2088 655 2144 732 ⁵.
2178 665 2321 735 Res
2354 662 2552 760 judi·

409 787 570 846 cata
592 775 850 846 vitiose
875 769 1268 872 profertur,
1298 773 1358 845 si
1384 787 1513 846 aut
1534 769 1863 844 dissimili
1886 771 1977 844 de
2003 794 2084 844 re
2108 769 2553 870 proferatur-3

407 898 534 955 aut
577 883 672 955 de
717 907 804 956 ea
835 908 952 972 re,
1003 903 1150 981 qua
1187 880 1278 955 de
1329 879 1873 956 controversia⁶
1920 905 2073 953 non
2128 895 2279 968 est3
2329 899 2456 956 aut
2490 885 2548 956 si

409 991 787 1090 improba3
823 1007 950 1064 aut
967 992 1328 1089 ejusmodi
1346 1047 1364 1082 ,
1401 1008 1486 1066 ut
1512 1007 1639 1066 aut
1662 991 1911 1093 plures
1929 1047 1949 1080 ‚
1984 1007 2113 1064 aut
2136 996 2365 1091 magis
2392 994 2553 1067 ido·

409 1127 566 1176 neae
593 1125 714 1176 res
744 1103 1080 1201 judicatae
1113 1102 1207 1177 ab
1242 1102 1663 1176 adversariis
1694 1101 2001 1203 proferri
2029 1105 2332 1203 possint.
2368 1109 2553 1176 Item

407 1215 756 1288 vitiosum
797 1229 906 1287 est
938 1267 956 1303 ‚
1005 1213 1079 1286 id
1133 1213 1336 1312 quod
1391 1213 1779 1288 adversarii
1817 1212 2089 1286 factum
2122 1237 2278 1286 esse
2323 1211 2556 1286 confi-

407 1339 734 1413 teantur,
767 1325 860 1398 de
893 1349 982 1397 eo
1015 1326 1542 1423 argumentari,
1566 1339 1643 1397 et
1668 1325 1967 1423 planum
2006 1321 2244 1398 facere
2280 1323 2554 1396 factum

405 1459 564 1508 esse
601 1462 620 1506 z
661 1459 832 1507 nam
865 1434 940 1524 id
983 1449 1266 1507 tantum
1305 1438 1551 1534 augeri
1594 1448 1909 1533 oportet.
1974 1439 2161 1506 Item
2206 1434 2550 1506 vitiosum

406 1559 548 1637 est,
583 1543 661 1617 id
683 1545 1207 1645 augere,quod
1241 1547 1585 1618 convenit
1606 1545 1893 1634 doceri,
1926 1545 2067 1616 hoc
2094 1543 2319 1616 modo
2354 1569 2371 1614 ε
2400 1549 2551 1617 «Ut

404 1659 464 1729 si
483 1657 652 1755 quis
673 1679 892 1755 quem
927 1671 1178 1754 arguat
1199 1709 1219 1744 ,
1246 1655 1622 1732 hominem
1648 1655 1996 1730 occidisse
2013 1712 2033 1745 ‚
2066 1670 2141 1728 et
2161 1669 2553 1753 antequam

405 1771 576 1840 satis
606 1765 906 1840 idoneas
930 1768 1597 1865 argumentationes
1630 1765 1984 1855 attulerit,
2022 1782 2284 1865 augeat
2308 1791 2553 1866 pecca-

303 1880 334 1902 ·’
408 1892 606 1966 tum,
649 1891 724 1950 et
764 1875 999 1965 dicat,
1047 1877 1228 1948 nihil
1267 1876 1637 1975 indignius
1682 1902 1871 1964 esse,
1920 1901 2143 1976 quam
2168 1877 2549 1950 hominem

407 1987 738 2062 occidere
774 2019 810 2055 ι»
850 2011 1048 2059 :non
1076 1989 1311 2076 enim,
1347 2003 1599 2058 utrum
1638 1987 2019 2084 indignum
2064 1989 2192 2072 sit,
2232 2011 2325 2058 an
2357 2011 2505 2058 non
2532 2043 2551 2075 ,

404 2097 532 2171 sed
573 2098 942 2170 factumne
979 2102 1071 2170 sit
1090 2151 1109 2186 ,
1147 2100 1519 2196 quaeritur.

497 2207 928 2307 Complexio
971 2209 1226 2279 vitiosa
1265 2224 1404 2292 est,
1449 2233 1613 2306 quae
1638 2233 1795 2278 -non
1820 2263 1839 2294 ‚
1890 2222 1975 2278 ut
2010 2207 2364 2305 quodque
2396 2209 2547 2305 pri-

401 2344 606 2392 mum
633 2319 912 2393 dictum
943 2332 1089 2407 est,
1125 2321 1444 2417 primum
1476 2319 1987 2418 complectitur
2004 2328 2061 2407 7,
2092 2331 2166 2391 et
2197 2341 2363 2417 quae
2396 2344 2549 2390 non

401 2430 716 2504 breviter
750 2428 1121 2503 concludit
1136 2424 1195 2518 ⁸,
1231 2445 1305 2502 et
1326 2455 1488 2528 quoe
1510 2456 1657 2504 non
1690 2458 1781 2503 ex
1812 2433 2363 2503 enumeratione
2391 2454 2547 2501 cer-

400 2556 558 2613 tum
603 2556 679 2613 et
719 2555 1057 2613 constans
1093 2540 1368 2638 aliquid
1415 2541 1814 2639 relinquit9
1834 2596 1854 2630 ‚
1914 2555 1999 2612 ut
2044 2540 2501 2639 intelligatur
2527 2594 2547 2629 ,

399 2740 562 2777 tamen
597 2726 780 2777 debem
815 2728 1060 2777 coherere
1073 2760 1090 2786 ,
1113 2704 1226 2793 'qua
1265 2728 1426 2789 euhje·
1514 2728 1631 2776 libri
1677 2727 1893 2793 quidque
1940 2728 2126 2776 hebent
2139 2763 2155 2785 ‚
2204 2729 2385 2793 recepi.
2429 2728 2547 2775 Post

399 2818 536 2857 ctum
555 2818 674 2873 poet
693 2815 786 2855 aut
799 2806 992 2855 nnllam
1015 2816 1104 2855 eet.
1126 2806 1260 2855 Eur.
1514 2808 1749 2857 omisa-m
1769 2818 1845 2855 eet
1860 2806 1934 2854 ica
1952 2806 2225 2870 anteprae'm.
2246 2807 2424 2871 compl.
2441 2802 2543 2855 Sed

471 2896 520 2945 4.
547 2889 652 2935 Aue
682 2886 860 2953 majus.
881 2882 1082 2935 Schiitz.
1107 2908 1133 2928 α
1148 2897 1234 2935 aut
1255 2884 1298 2933 ei
1323 2900 1426 2934 ma·

391 2968 524 3028 jue.-
555 2965 847 3016 Particnlnm
872 2963 944 3025 si,
959 2964 1147 3029 inquit,
1173 2964 1426 3029 qoneinni·

400 3046 514 3097 tetis
535 3056 586 3095 et
605 3044 972 3111 pmpieuitatie
999 3060 1142 3093 ennea
1167 3044 1364 3093 inserui.

467 3125 520 3176 5.
548 3127 712 3191 Quam
729 3140 806 3173 m
819 3123 1190 3189 posulabie.—-
1205 3124 1424 3172 Postulat

399 3216 516 3254 vett.
555 3202 670 3253 edd.
714 3204 827 3253 cod.
869 3204 971 3253 Erf.
1011 3202 1190 3253 Duisb.
1239 3202 1422 3255 Caueh.

395 3285 635 3349 probante
656 3285 820 3335 Graev.
845 3286 962 3333 Sca.

464 3365 516 3415 6.
549 3367 662 3429 Qua
688 3365 752 3413 de
779 3360 1122 3411 converet-sia.
1149 3361 1230 3410 stc
1251 3376 1342 3426 pro
1361 3361 1424 3409 de

394 3458 496 3505 qua
529 3444 660 3491 MSS
699 3442 890 3507 plures,
929 3441 1074 3489 etiam
1121 3442 1262 3489 Cort.
1316 3449 1420 3488 tum

391 3521 471 3571 ed.
505 3528 664 3583 1474,
687 3533 738 3571 et
767 3520 904 3571 uod.
933 3536 1012 3585 pr.
1044 3520 1184 3584 qnod
1201 3552 1217 3577 ,
1239 3531 1295 3568 ut
1319 3520 1419 3567 ele·

391 3600 606 3665 gnatius,
646 3610 694 3650 et
721 3602 952 3649 usitatum
988 3600 1216 3649 Ciceroni
1250 3610 1300 3647 et
1335 3602 1418 3660 ju·

391 3681 700 3731 manniti·
737 3681 956 3746 antiquie
1000 3682 1054 3729 in
1099 3682 1192 3729 bae
1235 3682 1390 3729 [orma
1407 3715 1420 3739 ,

389 3761 598 3825 pretuli.
626 3762 762 3812 zu.

463 3856 510 3902 5.
534 3842 656 3904 Qua
681 3856 808 3902 non,
836 3850 891 3887 ut
917 3840 1144 3904 quodque
1161 3857 1242 3905 pr.
1272 3841 1324 3889 d.
1354 3852 1424 3889 est

381 3938 464 3983 pr.
499 3921 680 3986 compl.
715 3922 798 3971 sic
825 3920 954 3969 MSS
981 3921 1180 3985 quidam
1214 3930 1264 3968 et
1301 3918 1416 3969 edd.

387 4003 576 4063 prime.
604 4000 758 4064 Quod
775 4034 792 4061 ,
813 4000 930 4065 quia
957 4000 1028 4049 sic
1064 3999 1286 4065 pluribus
1314 3999 1420 4047 aliie

385 4079 514 4129 locis
540 4079 728 4131 editum
751 4092 858 4141 eet,
885 4080 973 4129 ubi
1005 4078 1184 4146 pariter
1217 4077 1418 4143 quidam

1513 2889 1621 2949 ejus
1654 2884 1931 2936 omissionis
1956 2896 2009 2935 et
2030 2884 2128 2933 alia
2155 2885 2378 2949 exempla
2404 2901 2544 2949 repe·

1511 2968 1721 3017 riantur.
1752 2964 1883 3015 Edd.
1916 2972 2077 3026 1474,
2132 2964 2296 3025 1475,
2333 2962 2543 3012 Mediol.

1518 3042 1683 3109 1498,
1712 3046 1853 3094 sunt.
1880 3044 2027 3091 etiam
2057 3042 2269 3106 primum
2304 3041 2543 3091 omittunt

1512 3134 1625 3173 ante
1640 3124 1891 3188 eomplece.
1916 3120 2057 3187 quod
2085 3121 2233 3170 etim
2258 3120 2413 3185 magia
2438 3120 2545 3185 ph-

1514 3215 1609 3254 cet.
1644 3204 1777 3253 Ean.
1802 3228 1873 3241 -
1897 3198 2160 3253 Schiitzine
2188 3200 2439 3249 vainm
2466 3216 2547 3249 re·

1511 3280 1789 3348 prehendit,
1816 3282 1959 3345 quod
1976 3281 2183 3331 alterum
2204 3278 2421 3345 pn'mum
2452 3281 2543 3329 ab·

1511 3379 1613 3411 enee
1649 3360 1877 3411 voluerit.
1919 3362 2025 3410 Nec
2060 3376 2189 3425 opus
2212 3371 2321 3423 eet,
2347 3360 2542 3423 inquit,

1666 3438 2025 3503 Oudendorpio
2062 3438 2308 3502 corrigere
2336 3452 2351 3489 ε
2380 3461 2407 3479 «ι
2431 3454 2544 3502 quae

1512 3536 1613 3569 nou
1642 3534 1744 3583 qno
1784 3517 1958 3566 ordine
1982 3516 2201 3581 quidque
2231 3518 2443 3583 primum
2468 3516 2547 3565 di-

1512 3610 1645 3648 ctum
1662 3610 1733 3647 eet
1751 3597 2097 3661 complectitur
2116 3616 2159 3645 ι.
2176 3596 2417 3645 Gruterus
2440 3617 2461 3638 ι
2488 3609 2547 3645 ut

1512 3679 1729 3742 quidque
1746 3698 1769 3719 ι
1788 3714 1801 3727 .

1584 3756 1634 3808 8.
1664 3758 1933 3807 Concludit.
1973 3752 2294 3805 concluditur
2336 3756 2452 3803 Ald.
2497 3768 2547 3804 et

1513 3838 1661 3887 codd.
1682 3837 1913 3886 Oudend.
1934 3836 2053 3899 quid
2072 3834 2125 3883 id
2138 3834 2315 3883 melius
2334 3851 2436 3883 esse
2455 3852 2553 3899 pu·

1514 3928 1601 3967 tat.
1626 3916 1743 3965 Non
1765 3915 2019 3963 assentior.
2047 3916 2161 3962 Scu-
2194 3940 2269 3951 —
2288 3912 2553 3962 Concludi-

1513 4008 1594 4044 ειη·
1612 3995 1755 4045 multi
1777 4004 1893 4041 vett.
1914 3993 2043 4041 libri.

1583 4090 1633 4141 9.
1679 4074 1918 4123 Constans
1962 4070 2090 4137 aliq.
2148 4070 2332 4135 relinq.
2368 4070 2551 4134 Exqui-
