2982 4682
445 335 587 422 314
1128 340 1226 406 M.
1279 341 1355 408 T.
1408 339 1897 411 CICERONIS

447 458 755 531 docilem
806 455 1067 547 efficit3
1114 475 1280 548 aut,
1353 486 1504 559 quo
1543 458 1874 558 profecto
1919 455 2147 529 nihilss
2183 460 2391 557 pejus
2427 474 2578 547 est,

448 583 533 641 ut
574 584 828 640 contra
882 570 1015 651 sit,
1072 567 1256 641 facit.
1328 575 1425 641 Ac
1460 569 1552 641 de
1601 568 1901 641 exordio
1943 566 2236 666 quidem
2275 573 2442 641 satis
2479 569 2584 640 di-

447 696 645 752 ctum
690 694 817 750 est.
2141 756 2156 764 ‚

545 793 738 859 XIX.
778 788 989 885 (nx.)
1028 792 1397 863 Narratio¹
1452 806 1558 863 est
1596 815 1840 862 rerum
1883 804 2282 887 gestarum,
2333 802 2458 859 aut
2497 804 2580 859 ut

450 913 849 996 gestarum,
890 902 1267 998 expositio.
1324 904 1832 975 Narrationum
1881 903 2017 971 tria
2059 914 2230 970 sunt
2267 923 2530 997 genera
2563 925 2579 966 ε

448 1034 676 1081 unum
720 1035 951 1107 genus
992 1026 1134 1098 est,
1175 1014 1252 1082 in
1296 1038 1445 1111 quo
1497 1014 1646 1109 ipsa
1683 1036 1931 1101 causa,
1991 1026 2064 1083 et
2121 1014 2356 1082 omnis
2397 1011 2579 1081 ratio

450 1124 961 1193 controversiae
1012 1123 1465 1208 continetur3
1524 1122 1871 1209 alterum,
1924 1123 1998 1191 in
2045 1120 2579 1218 quo-digressio

444 1230 679 1327 aliqua
724 1245 923 1303 extra
977 1256 1263 1303 causam
1312 1246 1438 1303 aut
1486 1233 2039 1319 criminationis„
2083 1245 2209 1301 aut
2249 1227 2577 1301 similitu-

445 1340 671 1427 dinis,
732 1356 859 1411 aut
912 1340 1413 1413 delectationis
1460 1368 1612 1413 non
1659 1342 1904 1413 alienae
1957 1340 2049 1412 ab
2106 1364 2194 1411 eo
2247 1339 2578 1436 negoti0‚

440 1474 591 1546 quo
644 1449 735 1522 de
758 1454 1058 1549 egitur,
1090 1467 1221 1523 ‘aut
1267 1450 1846 1550 amplificationis
1883 1474 2130 1539 causa,
2173 1448 2576 1546 interponi-

436 1574 604 1649 tur3
651 1562 941 1632 tertium
994 1586 1225 1659 genus
1275 1578 1385 1634 est
1432 1576 1796 1634 remotum
1847 1587 1888 1632 a
1939 1559 2269 1632 civilibus
2310 1562 2576 1645 causis,

438 1668 636 1765 quod
688 1670 1183 1744 delectationis
1236 1696 1484 1760 causa,
1535 1698 1684 1743 non
1729 1670 1966 1743 inutili
2016 1695 2184 1741 cum
2235 1668 2576 1741 exercita·

438 1782 675 1862 tione,
737 1780 1005 1853 dicitur
1060 1799 1131 1855 et
1198 1782 1557 1855 scribitur.
1619 1783 1792 1877 Ejus
1845 1796 2084 1881 partes
2138 1795 2309 1851 sunt
2371 1777 2573 1866 duae,

324 1950 330 1961 .
438 1914 748 1988 quarum
772 1893 995 1964 altera
1021 1894 1097 1963 in
1136 1895 1443 1990 negotiis
1464 1949 1485 1981 ‚
1537 1892 1757 1965 altera
1793 1894 1870 1963 in
1907 1894 2232 1990 personis
2265 1890 2576 1960 maxime

437 2016 781 2073 versatur.
826 2006 921 2073 Ea
945 2058 965 2091 ‚
1007 2029 1169 2101 quae
1207 2005 1279 2073 in
1332 2010 1793 2102 negotiorum
1839 2001 2294 2101 expositione
2342 2000 2578 2097 posita

436 2125 580 2198 est,
615 2126 761 2184 tres
797 2111 1017 2184 habet
1062 2130 1334 2211 partes,
1371 2112 1690 2186 fabulam
1710 2169 1729 2202 ‚
1757 2113 2168 2197 historiam,
2197 2134 2576 2206 argumen-

440 2236 617 2293 tum.
654 2220 964 2295 Fabula2
1004 2238 1143 2311 est,
1198 2226 1271 2294 in
1322 2250 1467 2323 qua
1518 2249 1654 2297 nec
1713 2248 1932 2311 verae,
1980 2247 2116 2295 nec
2151 2219 2574 2292 verisimiles

436 2355 551 2404 res
588 2336 1090 2423 continentur3
1136 2334 1548 2430 cujusmodi
1581 2351 1690 2408 est
1719 2363 1734 2406 z

674 2471 901 2544 Angues
920 2466 946 2504 ³
974 2467 1236 2544 ingentes
1258 2467 1449 2542 alites,
1481 2468 1672 2545 juncti
1694 2467 1856 2545 jugo,

435 2597 791 2668 Historia⁴
829 2611 937 2668 est
956 2613 1152 2696 gesta
1187 2623 1340 2684 reS‚
1384 2598 1475 2671 ab
1498 2600 1719 2672 aetatis
1758 2613 2019 2670 nostrae
2056 2596 2403 2668 memoria
2445 2618 2570 2666 re-

437 2721 635 2779 mota
657 2697 713 2796 ⁵,
750 2708 954 2805 quod
990 2733 1261 2806 genus:
1303 2714 1625 2808 «Appius
1660 2709 1919 2780 indixit
1957 2707 2568 2805 Carthaginiensi-

435 2813 576 2887 bus
610 2816 885 2889 bellum
910 2849 964 2889 ι».
1014 2824 1540 2917 Argumentum
1585 2834 1691 2892 est
1732 2819 1898 2891 ficta
1933 2843 2089 2904 reS‚
2132 2843 2292 2915 quae
2329 2831 2573 2887 tamen

436 2923 590 2998 fieri
623 2930 881 3026 potuit.
916 2930 1352 3026 Hujusmodi
1385 2930 1579 3029 apud
1597 2930 2044 3002 Terentium:

678 3075 823 3130 Nam
852 3073 900 3131 is
932 3089 1236 3153 postquam
1259 3077 1285 3114 ⁶
1313 3075 1555 3134 excessit
1583 3096 1654 3133 ex
1679 3073 1950 3152 ephebiS‚
1979 3073 2158 3133 Sosia.

508 3265 557 3313 8.
598 3263 830 3336 Profecto
871 3266 1011 3316 nihil.
1051 3268 1193 3317 Nihil
1231 3267 1457 3334 projecto

440 3342 555 3394 eod.
578 3344 724 3392 Voss.
750 3361 797 3394 ο.
820 3345 985 3394 Schol.
1005 3348 1149 3396 Voss.
1184 3363 1229 3406 r,
1252 3347 1384 3396 Leid.
1412 3365 1457 3407 ι,

440 3425 469 3470 3
482 3458 495 3471 .
520 3425 633 3473 Sea.
648 3451 717 3460 --
730 3424 895 3473 Multo
916 3425 1115 3489 quidem
1133 3426 1323 3476 meliun.

508 3503 657 3551 xlx.
704 3519 750 3552 1.
799 3504 1053 3553 Narratio.
1090 3507 1251 3569 Quam
1286 3505 1457 3554 iisdem

436 3581 597 3630 verbis
618 3579 789 3630 definit
809 3592 981 3631 unctor
1004 3583 1069 3631 ad
1094 3587 1309 3635 Herenn.
1334 3586 1383 3644 1,
1400 3587 1429 3634 3
1442 3623 1459 3649 ‚

437 3661 523 3724 qni
542 3659 604 3708 de
620 3660 712 3710 hao
731 3662 937 3726 exponit
956 3678 1065 3726 cap.
1086 3664 1116 3710 8
1138 3680 1223 3728 ,⁶9.

511 3755 565 3788 α.
609 3740 803 3788 Fabula
846 3752 941 3799 ese,
994 3753 1091 3792 etc.
1142 3744 1351 3808 Respice
1394 3742 1459 3791 ad

438 3819 657 3869 Herm.
684 3821 737 3878 1⁴,
759 3822 805 3868 8.

512 3897 559 3947 3.
580 3901 807 3966 Angues.
830 3934 842 3947 .
865 3937 877 3948 .
902 3901 1046 3967 jugo.
1075 3903 1220 3950 Hune
1242 3903 1456 3956 versicu-

434 3977 540 4026 lum
579 3979 950 4030 Nacimbenina
998 3999 1061 4032 ex
1098 3982 1245 4030 Ennii
1286 3981 1461 4030 Medea

436 4055 777 4124 depromptum
796 4063 1001 4128 putabat
1015 4100 1030 4126 ,
1042 4079 1099 4112 ae
1114 4062 1175 4113 de
1192 4079 1340 4112 curru
1358 4063 1463 4112 Me·

1549 3270 1670 3332 deae,
1687 3271 1928 3334 anguibus
1954 3269 2092 3318 alatis
2117 3279 2260 3318 vecto
2288 3267 2570 3332 intelligen-

1549 3350 1682 3399 dum.
1708 3351 1829 3398 Seu.

1619 3439 1671 3486 [ρ.
1695 3428 1927 3478 Historia.
1949 3428 2026 3479 Cf.
2043 3431 2165 3476 Her.
2179 3429 2204 3474 1
2217 3463 2234 3488 ,
2257 3427 2305 3474 8.

1620 3509 1668 3558 5.
1690 3509 1768 3555 Ab
1783 3506 1943 3556 oetaeae's
1961 3517 2145 3554 nostr-ce
2161 3503 2392 3552 memorien
2417 3519 2570 3552 remo-

1549 3599 1614 3635 ta.
1642 3586 1904 3634 hmbinnn
1925 3599 1938 3634 ε
1963 3584 2227 3634 «memoria
2259 3594 2466 3649 propter
2489 3600 2574 3631 ve-

1551 3675 1774 3715 tustatem
1799 3675 1984 3712 remota
2002 3685 2046 3714 n.
2087 3663 2284 3710 Scilicet
2310 3661 2571 3710 metuenda

1548 3755 1671 3804 erat,
1695 3761 1756 3792 ne
1782 3753 1965 3792 remota
2004 3751 2130 3790 esset
2151 3751 2356 3807 propter
2383 3741 2572 3788 novita-

1549 3826 1674 3873 tem!
1698 3823 1824 3872 nihil
1851 3823 2068 3887 ineptius
2094 3822 2180 3869 tali
2200 3820 2569 3882 adnutamento,

1549 3904 1652 3952 nine
1667 3903 1904 3951 librorum
1931 3901 2240 3951 auctoritate.
2261 3903 2430 3949 Gnnr.

1622 3984 1672 4032 6.
1699 3983 1826 4030 Nam
1848 3982 1890 4030 is
1899 3991 2180 4046 postquam.
2200 3982 2395 4032 Terent.
2414 3979 2572 4030 Andr.

1551 4066 1598 4124 1,
1626 4077 1671 4126 x,
1689 4071 1774 4120 24.
