2982 4682
504 362 641 435 502
1174 370 1275 437 M.
1321 370 1397 437 Τ.
1451 364 1948 445 CICERONIS

464 486 675 575 alios
730 510 879 557 non
927 501 1161 559 rectos
1208 489 1524 585 impetus
1573 488 1827 573 animi,
1879 482 2086 553 firma
2135 496 2208 553 et
2255 482 2620 557 moderata

499 593 913 666 dominatio,
954 597 1124 691 Ejus
1160 614 1397 695 partes
1432 613 1643 685 sunt,
1680 596 2160 680 continentia,
2199 594 2617 685 clementia,

502 704 875 777 modestia.
915 708 1377 781 Continentia
1418 724 1556 797 est,
1598 730 1731 806 per
1767 730 1986 803 quam
2023 705 2410 803 cupiditas,
2441 730 2617 776 oon-

500 816 637 887 silii
656 826 681 871 ⁷
738 816 1265 913 gubernatione
1321 822 1598 917 regitur
1657 846 1674 889 :
1733 816 2149 904 clementia,
2213 838 2346 912 per
2395 840 2616 912 quam

500 929 757 1014 ammi,
804 920 1175 999 temere⁸
1156 954 1233 999 ιιι
1278 930 1530 1001 odium
1574 928 1873 1024 alicujus
1911 926 2280 1012 concitati,
2309 928 2617 997 invectio

500 1036 835 1109 comitate
892 1039 1303 1111 retinetur:
1343 1038 1756 1126 modestia⁹‚
1803 1062 1935 1135 per
1976 1058 2194 1133 quam
2231 1033 2468 1132 pudor
2503 1034 2618 1105 ho·

496 1160 743 1217 nestus
760 1158 1071 1217 caram¹⁰
1100 1164 1175 1221 et
1199 1149 1526 1225 stabilem
1551 1154 1922 1245 comparat
1949 1146 2470 1220 auctoritatem.
2503 1148 2616 1217 At-

490 1281 638 1352 que
662 1255 815 1329 haec
838 1262 1081 1331 omnia
1111 1276 1408 1359 propter
1434 1284 1512 1332 se
1551 1261 1786 1331 solum
1811 1312 1832 1347 ,
1863 1272 1946 1329 ut
1973 1255 2152 1327 nihil
2188 1253 2614 1349 adjungatur

490 1367 999 1452 emolumenti,
1050 1370 1361 1466 petenda
1410 1385 1604 1443 sunt.
1667 1368 1888 1460 Quod
1937 1381 2020 1437 ut
2059 1365 2614 1450 demonstretur,

486 1500 729 1573 neque
768 1476 857 1547 ad
900 1476 1041 1549 hoc
1078 1494 1407 1551 nostrum
1444 1480 1856 1550 institutum
1893 1478 2246 1575 pertinet,
2283 1488 2360 1544 et
2394 1499 2434 1543 a
2467 1471 2616 1543 bre-

491 1588 709 1655 vitate
750 1589 1210 1687 praecipiendi
1254 1604 1619 1661 remotum
1654 1603 1781 1661 est.

586 1701 889 1794 Propter
924 1723 999 1770 se
1026 1714 1265 1771 autem
1305 1700 1596 1771 vitanda
1627 1714 1828 1785 sunt,
1855 1722 2008 1769 non
2049 1720 2132 1767 ea
2163 1693 2418 1781 modo,
2455 1718 2614 1789 quae

492 1804 602 1875 his
640 1811 995 1879 contraria
1036 1825 1245 1895 sunt,
1292 1825 1375 1882 nt
1412 1808 1820 1881 fortitudini
1862 1807 2182 1904 ignavia,
2225 1818 2300 1874 et
2327 1802 2614 1897 justitiae

490 1917 877 2011 injustitia3
916 1944 1167 1991 verum
1198 1926 1409 1992 etiam
1444 1920 1602 2006 illa,
1641 1944 1802 2015 quae
1836 1917 2248 2016 propinqua
2280 1912 2614 1983 videntur

491 2040 563 2096 et
582 2024 885 2099 finitima
912 2054 1088 2116 esse,
1110 2030 1371 2102 absunt
1397 2046 1636 2103 autem
1667 2029 2115 2125 longissime:
2143 2022 2348 2147 quo-d
2365 2044 2500 2118 gen
2511 2046 2615 2107 uS,

488 2135 803 2209 fidentiae
828 2144 1269 2213 contrarium
1288 2158 1397 2213 est
1414 2140 1851 2226 diffidentia,
1873 2152 1946 2210 et
1965 2163 2050 2209 ea
2080 2161 2156 2207 re
2183 2134 2438 2205 vitium
2467 2146 2613 2219 est;

486 2246 782 2319 audacia
820 2274 969 2321 non
1004 2254 1481 2336 contrarium,
1522 2250 1648 2323 sed
1681 2249 2096 2349 appositum
2135 2262 2283 2331 est,
2319 2268 2402 2313 ac
2451 2267 2614 2341 pro-

394 2351 403 2362 ’
480 2359 885 2456 pinquum,
926 2377 999 2432 et
1040 2376 1277 2432 tamen
1320 2367 1576 2434 vitium
1612 2377 1742 2434 est.
1781 2361 1898 2431 Sic
1939 2360 2334 2453 unicuique
2367 2344 2615 2427 virtuti

484 2465 871 2540 finitimum
930 2472 1179 2542 vitium
1230 2475 1654 2570 reperietur,
1699 2487 1823 2542 aut
1881 2484 2080 2542 certo
2119 2469 2264 2563 jam
2317 2467 2612 2538 nomine

484 2579 953 2676 appellatum3
982 2597 1065 2652 ut
1084 2581 1381 2654 audacia
1401 2636 1420 2668 ,
1441 2608 1602 2680 quae
1629 2579 1976 2666 fidentiae3
2000 2578 2388 2677 pertinacia
2405 2631 2424 2660 ‚
2449 2598 2612 2670 quae

486 2693 1029 2785 perseverantiae
1062 2693 1361 2762 finitima
1394 2707 1539 2780 est;
1581 2691 1999 2789 superstitio
2022 2742 2042 2772 ,
2079 2707 2242 2784 quae
2277 2683 2612 2781 religioni

480 2803 893 2898 propinqua
918 2815 1063 2872 est:
1088 2815 1213 2874 aut
1232 2805 1389 2874 sine
1414 2802 1566 2873 ullo
1583 2816 1784 2872 certo
1813 2800 2130 2872 nomine.
2159 2798 2340 2886 Quae
2367 2795 2610 2864 omnia

488 3021 576 3067 19;
608 3005 669 3051 de
691 3003 835 3052 Offic.
858 3008 907 3064 1,
941 3007 970 3053 5
988 3022 1004 3064 ;
1032 3009 1177 3054 Tunc.
1204 3007 1305 3066 111,
1337 3008 1388 3065 8,
1413 3006 1498 3053 nbi
1587 3005 1730 3052 citata
1751 3025 1804 3064 ι,
1821 3015 1878 3052 ut
1899 3003 1999 3052 Gn.
2021 3019 2050 3050 a
2075 3002 2202 3049 inter
2221 3015 2408 3048 venus.
2429 2999 2479 3046 Si
2496 2999 2608 3062 quia

480 3095 582 3130 tum
621 3085 1010 3146 temperantiam,
1058 3095 1157 3132 tum
1200 3084 1497 3132 moderatio·
1587 3083 1724 3131 malit
1749 3082 1907 3130 animi
1921 3093 1973 3130 et
1997 3081 2264 3128 retinentur
2287 3079 2612 3142 conjungen,

478 3177 607 3217 nem,
646 3177 1011 3226 nonnumquam
1038 3164 1184 3211 etiam
1211 3166 1502 3212 modestiam
1586 3164 1712 3227 legat
1739 3162 1962 3210 «invecti
1994 3171 2045 3209 ot
2077 3159 2308 3208 concitati
2328 3180 2374 3208 ι.
2395 3159 2518 3206 Ean.
2549 3183 2606 3194 ——

478 3240 597 3288 dicit
614 3241 849 3306 appellari
864 3241 1056 3290 solitam
1069 3260 1096 3291 a
1115 3261 1165 3291 se
1182 3241 1499 3312 σωφροσύνην.
1588 3239 1846 3290 Sehiitzins
1873 3240 2266 3289 emendationem
2291 3237 2498 3286 Ernestii
2521 3253 2604 3284 se·

478 3319 605 3368 Vide
632 3321 693 3368 de
720 3319 1768 3385 Offic.1,2,27;11mnn.111,quutn⁸
1801 3331 1890 3371 eet.
1927 3319 2192 3370 Lambinus
2229 3318 2350 3366 olim
2385 3318 2605 3378 conjece·-

478 3414 531 3446 α.
557 3400 731 3446 Wzrz.
1585 3413 1693 3450 nt:
1734 3421 1758 3442 ι
1775 3400 1980 3461 alicuju·
1999 3399 2303 3448 interiectu.

546 3496 593 3540 7.
634 3477 835 3528 Consilii
874 3479 993 3546 gub.
1032 3481 1237 3545 regitur.
1278 3481 1375 3530 1³⁸1.
1416 3495 1498 3544 pr.
1659 3497 1710 3542 9.
1739 3479 1996 3528 Modestia.
2037 3481 2112 3527 De
2143 3494 2244 3542 qna
2280 3477 2350 3528 nd
2387 3479 2602 3524 Herenn-

469 3558 609 3606 initio
634 3558 781 3607 babet
812 3559 1159 3624 generatione,
1198 3559 1327 3608 nnde
1352 3558 1409 3607 fit
1435 3569 1491 3607 nt
1579 3561 1679 3617 111,
1709 3561 1760 3608 3.

467 3653 568 3686 non
594 3637 883 3686 abhorream
916 3655 945 3686 a
972 3640 1212 3704 scripturn
1246 3639 1489 3688 Grevenb.
1653 3654 1732 3686 ιο.
1754 3603 1950 3686 Camu-
1965 3647 2018 3684 ετ
2047 3635 2288 3684 nabilem.
2309 3634 2488 3682 Cara-⁸
2508 3648 2604 3696 pro

468 3739 491 3758 ··
512 3717 701 3764 consilii
728 3717 919 3766 ratione
944 3720 1129 3781 regitur
1144 3739 1189 3768 a.
1214 3719 1381 3767 Gen-r.
1579 3717 1770 3765 claram
1793 3717 1910 3766 dodi
1940 3734 1968 3764 e
2003 3718 2128 3764 Mss
2163 3715 2341 3764 nostris
2373 3711 2606 3762 omnibu·

536 3795 582 3842 8.
604 3797 785 3852 Aninac',
805 3809 981 3846 temere
993 3833 1005 3846 .
1019 3799 1057 3845 .“.
1070 3796 1298 3846 comitate
1316 3796 1494 3844 retine·
1581 3807 1632 3846 et
1646 3796 1754 3844 aliis
1769 3796 1952 3844 multis.
1981 3817 2006 3840 ι
2023 3795 2164 3844 Clara
2179 3794 2480 3843 auotoritas·
2497 3807 2602 3840 no-

461 3887 559 3924 tar.
587 3877 667 3924 sio
686 3877 901 3924 arbitror
925 3877 1091 3928 loonm
1112 3893 1215 3926 esse
1240 3877 1491 3939 corrigen-
1578 3884 1652 3922 est
1695 3890 1724 3921 a
1763 3873 2037 3923 mode-tia:
2079 3883 2130 3922 nt
2167 3873 2458 3930 auctorit-n,
2489 3885 2606 3933 qna

463 3952 575 3998 «lum
592 3989 605 4012 ,
639 3971 703 4000 ex
731 3955 931 4016 vulgato
956 3977 981 3996 ιι
1000 3954 1290 4004 invectionis
1319 3955 1485 4002 conci·
1579 3953 1642 4002 sit
1663 3954 1835 4013 jumi·
1875 3954 2074 4002 caritate
2091 3987 2107 4014 ,
2147 3964 2198 4001 et
2233 3951 2368 4000 firm
2399 3960 2604 4016 propter

464 4029 549 4074 tati
574 4052 616 4076 ι».
636 4031 855 4094 Vestigia
876 4033 1019 4093 hujus
1044 4033 1265 4082 lectionis
1288 4035 1485 4082 fuerunt
1574 4033 1840 4082 caritatem.
1869 4034 2082 4082 Enna-r.
2117 4057 2186 4072 ·--
2219 4031 2312 4082 eni
2341 4028 2604 4081 Schiiuiu

460 4109 513 4154 in
533 4108 687 4159 Pnht.
710 4125 738 4158 a
752 4143 768 4170 ,
792 4112 879 4174 qni
896 4111 1067 4162 habuit
1084 4115 1339 4164 ..invectio
1366 4127 1483 4180 qon·
1571 4113 1848 4163 assentitur.
