2982 4682
663 405 672 410 ·
766 391 892 458 AD
943 391 1528 475 ΗΕΒΕΝΝῙΠΜ,
1580 391 1850 457 LIBER
1899 392 2034 474 111,
2077 413 2188 458 20.
2414 385 2543 458 153

408 526 642 609 geant.
669 511 1052 583 Intervalla
1089 511 1416 582 locorum
1453 510 1839 584 mediocria
1878 535 2031 582 esse
2056 509 2293 609 placet
2306 506 2363 598 ⁶,
2393 508 2543 582 fere

409 620 660 722 paullo
713 621 911 720 pluS,
967 637 1092 692 aut
1145 624 1383 694 minus
1433 622 1707 722 pedum
1763 625 2119 693 tricenum
2138 632 2188 692 ⁷.
2246 624 2425 692 Nam
2460 636 2545 692 ut

413 745 780 828 aspectuS,
817 733 914 803 ita
940 732 1274 829 cogitatio
1312 736 1557 810 minus
1590 733 1777 804 valet
1798 784 1817 816 ,
1859 733 2007 802 sive
2042 731 2257 802 nimis
2291 731 2550 829 procul

413 845 807 914 removeris
822 896 842 927 ‚
867 844 1014 913 sive
1039 843 1510 915 vehementer
1532 866 1757 940 prope
1779 841 2181 913 admoveris
2210 839 2278 911 id
2293 894 2312 927 ‚
2343 840 2548 939 quod

413 966 705 1048 oportet
725 950 971 1023 videri.
1005 950 1145 1026 Sed
1173 977 1617 1051 quamquam
1644 951 1848 1023 facile
1872 965 1978 1023 est
2002 951 2101 1034 ei,
2136 950 2267 1048 qui
2299 949 2545 1048 paullo

411 1059 618 1157 plura
656 1059 1178 1158 exploraverit,
1218 1063 1545 1158 quamvis
1580 1061 1849 1132 multos
1884 1075 1959 1132 et
1997 1059 2317 1140 idoneos
2345 1059 2545 1130 locos

415 1193 881 1267 comparare:
924 1185 1166 1242 tamen
1197 1175 1258 1241 si
1293 1169 1468 1268 quis.
1490 1170 1585 1243 ad
1619 1175 1752 1244 ista
1789 1172 1955 1244 satis
1994 1170 2301 1242 idoneos
2346 1171 2547 1241 inve-

415 1283 576 1351 nire
609 1305 685 1351 se
722 1304 871 1351 non
905 1279 1226 1377 putabit,
1255 1283 1407 1378 ipse
1443 1281 1581 1354 sibi
1616 1285 2051 1368 constituat,
2095 1305 2314 1378 quam
2350 1280 2546 1351 volet

415 1388 716 1475 multos,
783 1388 1049 1461 licebit.
1112 1392 1468 1487 Cogitatio
1528 1394 1717 1462 enim
1789 1393 2119 1490 quamvis
2176 1391 2544 1487 regionem

417 1513 656 1596 potest
687 1499 1056 1598 amplecti,
1085 1503 1262 1571 etin
1283 1525 1368 1570 ea
1392 1501 1610 1572 situm
1639 1501 1777 1572 loci
1807 1502 1922 1597 cuj
1935 1499 2183 1572 usdam
2213 1499 2301 1570 ad
2334 1521 2547 1570 suum

417 1608 885 1679 commodum
931 1623 1005 1680 et
1060 1605 1501 1681 arbitrium-8
1566 1609 1897 1687 fabricari
1946 1625 2018 1682 et
2072 1607 2545 1682 architectari.

417 1719 660 1806 Quare
700 1717 974 1804 licebit,
1011 1723 1067 1790 si
1102 1718 1236 1792 hac
1272 1735 1608 1818 prompta
1641 1725 1849 1818 copia
1877 1721 2202 1791 contenti
2232 1744 2380 1789 non
2418 1719 2551 1787 eri-

419 1851 622 1915 mm,
657 1830 1142 1926 nosmetipsos
1171 1829 1384 1902 nobis
1419 1831 1859 1928 cogitatione
1900 1841 2145 1902 nostra
2177 1830 2549 1927 regionem

417 1941 896 2027 constituere,
937 1954 1012 2010 et
1051 1939 1484 2011 idoneorum
1531 1940 1859 2012 locorum
1896 1937 2547 2010 commodissimam

417 2047 956 2120 distinctionem
1008 2073 1446 2149 comparare.
1490 2055 1601 2122 De
1648 2051 1824 2122 locis
1862 2055 2028 2121 satis
2068 2049 2339 2120 dictum
2387 2060 2494 2118 est
2532 2073 2549 2116 ε

420 2183 618 2230 nunc
650 2159 742 2230 ad
779 2160 1168 2256 imaginum
1205 2162 1559 2260 rationem
1595 2174 2059 2232 transeamus,

519 2271 670 2338 XX.
721 2261 900 2365 (xx.)
935 2271 1299 2363 Quoniam
1341 2281 1555 2369 ergo¹
1607 2296 1849 2344 rerum
1892 2271 2159 2344 similes
2208 2270 2555 2366 imagines

493 2415 814 2465 &Medica-ia
827 2433 930 2466 esse
939 2418 1125 2482 placet.
1151 2440 1179 2461 α
1188 2418 1264 2469 Μ.
1280 2417 1447 2467 volent

421 2512 526 2544 esse
544 2517 570 2540 a
603 2496 716 2545 eod.
755 2497 890 2547 Med.
936 2519 959 2542 ι
981 2498 1250 2551 mediocria
1287 2498 1447 2547 valent

422 2592 527 2623 esne
542 2598 567 2617 ι·
607 2577 723 2627 eod.
755 2577 857 2625 Etr.
897 2578 1078 2629 Cauch.
1124 2580 1339 2627 δοκεῖ-η.
1375 2604 1447 2615 -·

422 2676 449 2695 ιι
466 2654 736 2704 mediocria
753 2671 857 2704 ease
875 2666 1071 2721 oportet
1083 2678 1108 2697 ι·
1135 2656 1250 2723 edd.
1278 2673 1298 2704 ι
1309 2658 1413 2719 476
1430 2688 1448 2716 ,

421 2733 558 2782 Med.
591 2736 740 2798 1498.

499 2828 547 2873 7.
563 2813 744 2862 Pedum
762 2813 1014 2864 tricenum.
1033 2814 1184 2863 Paht.
1204 2813 1448 2863 secundm

423 2888 679 2957 argenium
695 2926 710 2951 ‚
735 2908 815 2957 pr.
847 2892 1151 2945 tricennium.
1177 2896 1354 2943 Sextus
1367 2911 1447 2943 re·

423 2970 546 3018 tinet
571 2970 770 3033 quidem
795 2972 1074 3038 vulgatum,
1096 2973 1182 3021 sed
1197 2974 1346 3022 habet
1365 2976 1446 3021 in·

423 3064 500 3101 ter
523 3050 697 3112 lineas,
717 3052 803 3101 «id
824 3063 922 3113 eat,
952 3054 1098 3101 trium
1121 3053 1303 3119 pedum
1317 3069 1374 3113 »3
1399 3063 1448 3101 et

422 3144 542 3178 veto
562 3130 704 3179 facile
739 3131 1074 3181 inclinaverim
1107 3134 1157 3180 in
1191 3136 1445 3195 coniectu-

421 3224 528 3257 ram
565 3208 817 3271 Delbenii,
856 3210 1078 3258 malentis
1112 3212 1331 3259 uti-inum
1361 3228 1448 3277 pe-

425 3286 600 3337 dum».
624 3289 724 3337 Pal.
745 3306 821 3356 pr.
848 3290 918 3338 ait
944 3292 1160 3357 eue‘qui
1176 3290 1338 3355 legant
1357 3288 1446 3338 ιη’·

419 3364 583 3433 ginta.
607 3368 779 3419 Gaur.

499 3447 527 3494 8
535 3482 549 3495 .
557 3446 790 3494 Adstmm
803 3448 1108 3496 commodum
1117 3448 1444 3497 etat-hierium.

423 3523 612 3573 Addidi
647 3526 948 3575 commodum
980 3539 1031 3575 et
1052 3544 1079 3575 e
1117 3526 1206 3576 ΜΒ
1232 3544 1311 3593 ap.
1342 3528 1447 3576 Ou-

423 3601 572 3651 dend.
591 3615 641 3653 et
659 3604 739 3653 ed.
766 3613 898 3666 1474
916 3640 932 3665 ,
952 3617 1002 3654 et
1025 3600 1230 3655 M'ediol.
1254 3624 1335 3671 pr.
1355 3608 1447 3655 En-

424 3697 566 3731 ιιιπ.
591 3710 662 3719 —-
689 3686 846 3747 Quem
875 3682 1072 3736 Schiitr..
1099 3696 1332 3750 sequutus
1359 3694 1446 3735 est.

423 3760 580 3809 Abest
600 3763 908 3811 commodum
936 3776 986 3812 et
1003 3764 1064 3813 ab
1092 3765 1171 3814 ed.
1201 3766 1351 3827 1476.

494 3840 614 3889 XX.
645 3858 688 3888 ι.
713 3841 957 3906 Quoniam
991 3860 1106 3908 ergo
1131 3860 1290 3891 rerum
1318 3842 1452 3891 simi-

425 3917 494 3965 les
518 3916 755 3983 imagines
774 3936 878 3967 esse
904 3932 1119 3986 oportet,
1139 3934 1188 3971 et
1214 3939 1278 3971 ex
1297 3922 1454 3971 nenni-

1535 2415 1729 2467 Schiitz.
1751 2420 2019 2483 «quoniam
2036 2433 2154 2482 ergo
2170 2426 2219 2464 et
2235 2431 2395 2463 rerum
2414 2415 2561 2461 simu·

1536 2499 1665 2553 hera
1698 2516 1801 2549 esse
1832 2509 2061 2565 oportet,
2088 2510 2136 2546 et
2162 2495 2327 2545 verbis
2362 2505 2555 2543 nosmet

1536 2590 1677 2628 notu
1696 2578 1873 2644 engere
1904 2579 2159 2637 debemus,
2190 2576 2408 2641 duplices
2434 2574 2559 2622 imn-

1537 2660 1672 2722 gines
1691 2675 1794 2707 esse
1821 2658 2028 2719 debent,
2052 2674 2163 2706 unae
2186 2672 2345 2705 rerum
2359 2690 2374 2715 ‚
2392 2654 2557 2702 altera

1536 2736 1796 2785 verborum
1807 2760 1848 2783 n.
1862 2740 1921 2785 In
1941 2738 2135 2800 vulgata
2145 2771 2161 2796 ,
2175 2735 2351 2799 inquit,
2370 2733 2559 2797 ineptas

1535 2816 1875 2881 magistrorum
1910 2814 2093 2879 glossas
2116 2813 2257 2862 facile
2281 2809 2555 2877 deprehen·

1536 2894 1639 2943 dae.
1664 2896 1760 2943 Pro
1785 2882 1961 2942 simile‘s
1986 2892 2259 2957 imagines,
2284 2891 2399 2939 eod.
2423 2894 2555 2953 Aug.

1534 2971 1654 3039 legit
1676 2972 2015 3023 sient'lieudittes
2030 3005 2045 3030 ‚
2070 2970 2326 3035 imagines.
2348 2972 2561 3017 Utrum-

1535 3068 1629 3116 que
1648 3063 1718 3099 est
1740 3051 1965 3100 vocabuli
1983 3049 2247 3100 simulacra
2270 3049 2559 3111 interpreta-

1536 3141 1769 3179 mentum.
1792 3132 1889 3179 Pro
1914 3140 1963 3178 et
1981 3127 2170 3187 verbis,
2186 3129 2241 3175 in
2257 3128 2365 3177 aliis
2378 3127 2556 3191 legitur

1536 3220 1585 3257 ee
1610 3226 1677 3258 ea:
1709 3208 1905 3268 verb-is,
1944 3209 1997 3256 in
2030 3208 2137 3257 aliis
2162 3224 2229 3256 ex
2248 3206 2425 3255 verbis.
2460 3204 2554 3254 Sed

1533 3286 1639 3337 hoec
1664 3289 1955 3354 praepositio
1972 3289 2163 3336 nullum
2181 3287 2265 3335 hic
2285 3288 2451 3335 locum
2467 3284 2560 3333 hn-

1534 3368 1633 3417 bet.
1654 3368 1779 3417 Nam
1796 3384 1899 3415 non
1919 3384 1987 3415 ex
2000 3367 2164 3415 verbis
2183 3367 2430 3431 eliguntur
2447 3368 2561 3415 ima-

1533 3448 1672 3513 gines
1685 3484 1699 3509 ‚
1716 3447 1803 3495 sed
1820 3447 1985 3496 verbis
1998 3446 2319 3495 destinantur.
2336 3445 2563 3509 Denique

1532 3528 1584 3575 in
1607 3526 1802 3591 vulgata
1828 3525 1994 3573 crebra
2018 3525 2247 3590 repetitio
2268 3525 2409 3573 vocis
2434 3524 2565 3572 simi-

1538 3605 1785 3667 litudinis,
1814 3616 1862 3652 et
1892 3605 2201 3652 invenustam
2229 3604 2348 3652 facit
2383 3603 2567 3651 oratio-

1539 3702 1674 3747 nem,
1702 3697 1751 3733 et
1774 3684 2017 3750 epodosin
2053 3701 2253 3749 prorsus
2280 3684 2403 3732 nihil
2442 3680 2563 3759 aff}-

1542 3778 1726 3813 remem
1746 3780 1891 3829 quam
1912 3764 2157 3828 quodiam
2177 3775 2277 3812 erat
2294 3764 2345 3810 in
2364 3764 2566 3827 protasi.

1538 3846 1757 3893 Scau-rz.
1774 3870 1840 3880 —
1857 3844 1915 3889 Iu
1943 3852 2063 3889 vett.
2095 3842 2207 3891 edd.
2235 3841 2371 3889 abest
2388 3852 2435 3889 et
2450 3854 2565 3889 ante

1542 3940 1607 3971 ex
1650 3922 1873 3971 omnibus
1914 3920 2097 3969 verbis.
2139 3922 2343 3969 Nos-met
2377 3920 2568 3972 addunt

422 3995 514 4044 bus
530 3996 700 4045 verbis
741 4010 884 4046 notas
911 4000 1050 4048 nobis
1073 4001 1260 4051 similit.
1277 4001 1456 4067 eligens
1542 4004 1667 4051 MSS
1686 4014 1735 4050 et
1754 4000 1867 4050 edd.
1884 4016 1959 4065 pr.
1983 4000 2168 4063 primus
2184 3998 2343 4049 Aldus
2364 3998 2566 4051 delevit.

423 4073 651 4123 debemus
681 4112 710 4135 ,.
735 4076 948 4143 duplices
985 4078 1322 4129 se'mile’eudae'nes
1357 4097 1456 4129 esse
1542 4083 1831 4131 Euan-ln—
1852 4078 2079 4143 Dteplices
2104 4077 2251 4143 egrimr
2277 4077 2425 4128 simil.
2448 4078 2563 4132 edd·

424 4152 603 4203 debent
613 4172 634 4214 ,-
652 4172 764 4204 una
776 4172 935 4206 rerum
945 4192 961 4219 ,
973 4160 1146 4207 altera·
1165 4162 1448 4210 verborum.

1550 4161 1683 4221 1476
1701 4194 1717 4219 ,
1738 4158 1872 4208 Med.
1899 4158 2049 4221 1498.
