2982 4682
439 274 462 317 1
481 247 569 321 5ο
1078 246 1175 312 Μ.
1228 246 1305 313 Τ.
1362 244 1856 313 CICEROle

428 382 553 441 aut
582 390 799 441 manu
822 380 994 439 sunt
1012 364 1354 452 absoluti,
1382 378 1464 435 ut
1493 387 1617 435 eos
1645 362 1850 435 facile
1875 364 2178 435 naturali
2211 366 2556 433 memoria

432 474 1049 575 comprehendere
1082 489 1153 547 et
1176 474 1512 573 amplecti
1545 498 1931 571 queaniuS‚
1959 488 2042 545 ut
2074 474 2258 545 aedes
2279 526 2300 561 ‚
2335 475 2555 545 inter·

435 588 924 669 columniam,
966 586 1311 683 angulum
1336 641 1356 671 ‚
1408 583 1764 658 fornicem
1785 637 1803 669 ‚
1861 597 1935 654 et
1991 583 2124 653 alia
2153 638 2173 672 ‚
2232 606 2394 680 quae
2450 582 2561 653 his

434 696 686 769 similia
714 710 903 767 sunt.
940 696 1293 792 Imagines
1316 708 1487 767 sunt
1517 692 1765 765 formae
1789 692 2118 791 quaedam
2139 686 2222 776 ¹3,
2250 708 2323 765 et
2346 708 2559 779 notae,

436 821 509 878 et
536 806 913 877 simulacra
933 805 994 900 ej
1006 828 1089 877 us
1112 808 1251 891 rei,
1280 826 1499 901 quam
1531 805 1938 875 meminisse
1957 803 2324 875 volumus:
2358 802 2562 900 quod

434 938 699 1013 geum,
746 915 914 1011 equi
936 968 955 1000 ,
992 912 1347 1000 leones¹4‚
1386 914 1668 1009 aquilas,
1704 937 2016 1010 quorum
2055 914 2470 985 memoriam
2505 913 2566 982 si

437 1022 765 1095 volemus
794 1022 1094 1108 habere,
1117 1025 1461 1120 imagines
1490 1048 1744 1095 eorum
1780 1028 1992 1095 certis
2021 1025 2094 1094 in
2135 1022 2310 1119 locis
2345 1022 2564 1094 collo·

390 1222 393 1230 Ι
440 1157 603 1205 care
642 1158 778 1204 nos
816 1131 1201 1231 oportebit.
1234 1132 1498 1229 (xvm.)
1535 1137 1777 1218 Nunc,
1810 1133 2213 1230 cujusmodi
2244 1132 2442 1205 locos
2465 1134 2572 1201 in-

440 1244 727 1329 venire,
779 1255 852 1313 et
894 1268 1046 1338 quo
1091 1257 1300 1340 pacto
1353 1244 1703 1340 reperire,
1748 1257 1820 1313 et
1865 1244 1938 1314 in
1997 1244 2172 1315 locis
2225 1244 2571 1338 imagines

440 1355 877 1424 constituere
904 1342 969 1395 ¹⁵
1007 1367 1370 1449 oporteat,
1404 1351 1896 1429 ostendemus.

537 1466 760 1533 XVII.
788 1459 1417 1553 Quemadmodum
1438 1464 1814 1560 igitur-‚qui
1843 1463 2081 1533 literas
2119 1454 2356 1534 sciunt
2375 1516 2394 1549 ,
2419 1485 2578 1560 pos·

444 1587 613 1663 sunt
636 1570 710 1641 id
734 1570 931 1668 quod
951 1570 1295 1641 dictatum
1325 1586 1455 1659 est,
1480 1570 1793 1645 scribere
1811 1582 1864 1656 ¹,
1901 1586 1985 1643 et·
2011 1577 2314 1644 recitare
2331 1627 2351 1659 ‚
2370 1573 2571 1670 quod

445 1680 925 1775 scripserunt:
947 1679 1043 1746 ita
1065 1678 1187 1773 qui
1208 1679 1546 1773 μνημονικὰ
1563 1677 2003 1766 didicerunt,
2027 1694 2372 1776 possunt,
2416 1703 2579 1775 quae

448 1785 859 1874 audierunt,
885 1788 957 1856 in
989 1788 1161 1857 locis
1191 1788 1578 1877 collocare,
1611 1804 1682 1859 et
1711 1814 1794 1859 ex
1819 1790 1930 1859 his
1958 1791 2376 1860 memoriter
2411 1814 2581 1886 pro-

450 1898 805 1969 nuntiare.
859 1898 1031 1967 Loci
1070 1903 1261 1967 enim
1308 1922 1487 1969 cerae
1523 1912 1645 1969 aut
1695 1898 1956 1971 chartae
2000 1899 2336 1969 simillimi
2379 1914 2581 1978 sunt;

452 2009 826 2103 imagineS‚
881 2007 1134 2094 literis;
1180 2008 1553 2105 dispositio
1598 2024 1667 2079 et
1715 2008 2096 2081 collocatio
2149 2011 2538 2104 imaginum
2566 2064 2586 2091 ‚

454 2120 860 2213 scripturae3
906 2119 1441 2211 pronuntiatiO,
1503 2118 1814 2193 lectioni.
1872 2124 2178 2216 Oportet
2235 2121 2477 2216 igitur,
2528 2120 2612 2205 si⁸

456 2228 790 2297 volumus
828 2226 1047 2296 multa
1078 2228 1520 2314 meminisse,
1559 2228 1822 2299 multos
1858 2227 2114 2299 nobis²
2159 2230 2355 2299 locos
2394 2254 2590 2299 com-

457 2361 749 2435 parare,
793 2351 876 2428 ut
915 2337 989 2406 in
1030 2336 1271 2407 multis
1322 2335 1499 2408 locis
1555 2336 1812 2408 multas
1847 2339 2194 2434 imagines
2239 2335 2592 2408 collocare

459 2450 839 2544 possimus,
882 2451 1059 2516 Item
1092 2461 1430 2542 putamus
1450 2462 1788 2543 oportet-c
1817 2473 1904 2520 ex
1937 2447 2192 2519 ordine
2229 2448 2361 2518 hos
2395 2449 2594 2518 locos

460 2555 755 2644 habere,
778 2581 867 2626 ne
886 2554 1179 2652 quando
1202 2553 2069 2652 perturbationeordinis³
2094 2557 2593 2654 impediamur,

462 2689 613 2762 quo
674 2667 939 2746 secius»,
989 2680 1522 2762 quotoquoque
1577 2666 1737 2736 loco
1787 2665 2073 2752 libebit,
2119 2668 2230 2738 vel
2281 2692 2320 2737 a
2377 2691 2595 2763 supe·

459 2777 685 2870 riore,
734 2773 841 2846 vel
884 2771 977 2844 ab
1021 2771 1395 2859 inferiore,
1446 2773 1562 2845 vel
1605 2800 1648 2845 a
1695 2775 1926 2847 media
1966 2780 2207 2870 parte‘*
2256 2777 2600 2873 imagines

540 2957 617 3004 13.
634 2957 825 3003 Formae
846 2956 1075 3019 quoedam
1088 2991 1102 3015 ‚
1116 2967 1163 3004 ee
1180 2969 1325 3004 ποειτ’.
1338 2957 1487 3004 «Fot-

1577 2955 1711 3020 qnod
1749 2957 2052 3020 deposuisset
2080 2956 2393 3007 dictatur-am.
2423 2959 2599 3006 Gau-r.

463 3051 554 3084 ωε
575 3035 795 3099 quaedam
818 3035 919 3098 jam
948 3044 1114 3084 notae·
1160 3034 1274 3084 cod.
1296 3037 1397 3083 Erf.

1579 3034 1857 3082 —Dictum
1891 3035 2004 3083 edd.
2043 3035 2200 3104 1476,
2228 3035 2363 3085 Med.
2399 3037 2547 3098 1⁴9⁸·

541 3122 621 3170 14.
639 3117 839 3160 Leones.
868 3113 1044 3161 Leonis
1072 3115 1150 3163 ed.
1172 3115 1310 3164 Med.
1340 3115 1488 3181 1498.

543 3192 621 3242 15.
636 3191 884 3256 Imagines
903 3193 1203 3242 constituere.
1223 3215 1250 3236 α
1262 3197 1351 3242 Im.
1372 3210 1491 3242 con-

468 3270 624 3318 tinere
644 3291 665 3312 ι
684 3269 803 3317 edd.
840 3271 999 3330 1476,
1032 3272 1163 3320 Med.
1198 3275 1347 3337 1498,
1377 3272 1489 3322 cod.

469 3346 652 3398 Medic.
672 3349 776 3398 Eri.

543 3428 703 3476 xvn.
734 3441 776 3476 t.
813 3426 961 3491 Quod
992 3427 1225 3476 dictatum
1256 3441 1341 3488 est,
1368 3429 1491 3478 scri-

472 3507 597 3554 bere.
634 3504 781 3553 Edidi
818 3504 1083 3566 dictatum,
1118 3505 1274 3566 ejecto
1314 3506 1498 3570 vulgari

470 3582 643 3632 dictum
662 3617 678 3642 ‚
722 3601 750 3631 e
780 3583 880 3632 Pat.
921 3599 1020 3632 sec.
1048 3597 1207 3648 quart.
1236 3602 1337 3634 sex.
1380 3587 1495 3634 item

472 3663 774 3721 Coloniensi,
792 3661 951 3710 Gemb
963 3699 973 3710 .
986 3663 1181 3711 Tosano
1196 3697 1210 3722 ,
1233 3666 1500 3712 Lovanien·

470 3746 528 3791 si.
552 3745 739 3794 Notum
761 3743 889 3790 enim
916 3739 1181 3790 dictatores
1208 3743 1383 3803 fuisse,
1412 3744 1502 3806 qui

475 3822 649 3870 scribis
675 3829 985 3886 suggererent
1022 3821 1159 3883 quod
1188 3823 1498 3887 exciperent3

1649 3129 1700 3161 α.
1737 3115 1913 3162 Multos
1939 3112 2096 3163 nobis.
2127 3114 2350 3162 «Multos
2383 3130 2473 3161 nos
2513 3131 2604 3161 no-

1579 3193 1694 3240 bis·-
1717 3195 1863 3241 Voss.
1880 3195 1905 3240 1
1920 3229 1937 3254 ‚
1958 3192 2094 3242 Leid.
2109 3195 2174 3241 23
2196 3225 2211 3251 ‚
2227 3204 2279 3241 et
2302 3192 2482 3257 probat
2499 3195 2607 3240 Ou-

1581 3271 1732 3320 dend.
1759 3275 1974 3320 Sciam-z.

1654 3353 1702 3398 3.
1731 3349 2104 3398 Pereat-batione
2133 3348 2332 3398 ordinis.
2354 3347 2610 3396 Schiitzius

1583 3429 1714 3478 delet
1737 3428 1924 3477 ordinis
1939 3463 1954 3485 ‚
1978 3439 2032 3476 ut
2049 3427 2347 3491 superfluum
2363 3463 2377 3489 ,
2397 3437 2446 3474 et
2465 3438 2612 3474 teme-

1583 3524 1634 3556 re
1661 3521 1722 3556 ex
1745 3507 2046 3557 antecedenti
2073 3523 2215 3554 versu
2234 3507 2512 3570 repetitum.

1657 3595 1704 3642 Ι..
1745 3587 1839 3636 Vel
1867 3603 1900 3635 a
1936 3586 2098 3634 media
2131 3599 2290 3650 parco.
2320 3585 2515 3634 Abeunt
2549 3585 2612 3634 ab

1587 3666 1698 3716 edd.
1726 3681 1804 3730 pr.
1831 3675 1880 3712 et
1905 3665 2028 3713 MSS
2053 3666 2196 3712 etiam
2225 3664 2422 3714 nostris.
2454 3665 2614 3713 Prima

1587 3745 1731 3794 habet
1749 3743 1945 3791 Aldina.
1967 3745 2028 3792 Et
2063 3753 2225 3790 tamen
2257 3758 2375 3790 mox
2403 3743 2616 3791 medium

1595 3836 1666 3872 est
1690 3839 1703 3871 :
1725 3845 1750 3865 u
1765 3833 1930 3870 utrum
1961 3823 2023 3870 ab
2059 3838 2280 3882 summo,
2316 3839 2380 3870 an
2401 3823 2462 3870 ab
2483 3824 2584 3872 imo
2601 3858 2618 3882 ,

476 3899 554 3948 vel
581 3917 645 3950 ex
678 3902 798 3962 joco
833 3899 1035 3950 Caesaris
1061 3901 1194 3963 apud
1221 3901 1508 3950 Suetonium
1597 3921 1698 3952 ana
1713 3901 2095 3965 medio-Juque
2109 3902 2246 3949 nolui
2262 3901 2434 3949 delete:
2449 3919 2621 3966 quam-

478 3981 698 4044 negantis
754 4001 779 4022 ιι
802 3976 988 4041 Syllam
1024 3979 1223 4026 scivisse
1262 3979 1499 4034 literas»,

1599 3987 1740 4044 quam
1759 3979 1872 4027 etin
1889 3978 2042 4026 altero
2058 3978 2204 4027 lectio
2221 3977 2364 4026 dubia
2390 3990 2480 4028 est.
2495 3981 2624 4028 Nam
