2982 4682
721 391 847 461 DE
893 388 1489 472 INVENTIONE,
1539 388 1808 459 LIBER
1858 392 1929 473 Ι,
1982 386 2094 461 36.
2328 390 2456 463 35ι

348 512 739 610 adjungere
778 509 1379 609 approbationem
1416 511 1936 607 assumptioni3
1991 510 2297 608 quadam
2354 538 2472 585 au-

350 638 499 695 tem
546 624 623 691 in
674 622 1295 718 argumentatione
1348 618 1638 695 infirma
1695 634 1806 690 est
1856 624 2291 719 assumptio,
2339 626 2478 693 nisi

352 732 692 827 adjuncta
712 733 804 802 sit
826 726 1292 829 approbatio:
1334 744 1744 828 separatum
1771 730 2116 827 quiddam
2143 747 2252 803 est
2279 748 2476 805 extra

354 842 919 938 assumptionem
974 836 1425 937 approbatio,
1479 844 1607 911 Est
1662 854 1902 910 autem
1953 846 2478 938 argumentatio

355 949 681 1046 quaedam
698 1004 719 1035 ‚
742 951 817 1018 in
842 972 989 1046 qua
1008 951 1403 1047 assumptio
1428 973 1578 1019 non
1599 948 1874 1045 indiget
1903 950 2479 1049 approbationis3

356 1058 679 1157 quaedam
710 1074 953 1131 autem
974 1114 993 1147 ‚
1020 1058 1098 1133 in
1123 1082 1275 1157 qua
1301 1058 1481 1130 nihil
1510 1057 1699 1131 valet
1737 1061 1890 1132 sine
1917 1060 2446 1160 approbatione
2464 1118 2483 1147 ‚

358 1184 441 1241 ut
492 1169 976 1243 ostendemus.
1042 1172 1383 1267 Separata
1426 1182 1534 1239 est
1588 1168 1808 1264 igitur
1862 1166 1954 1239 ab
1975 1175 2485 1268 ‘assumptione

358 1278 809 1377 approbatio.
848 1278 1335 1351 Ostendemus
1370 1288 1610 1348 autem
1648 1276 1720 1348 id
1747 1332 1766 1362 ‚
1807 1278 2006 1375 quod
2037 1278 2339 1377 polliciti
2363 1306 2484 1351 su-

359 1403 561 1474 mm,
604 1389 747 1460 hoc
782 1388 1023 1459 modo.
1639 1474 1646 1482 ¹

455 1499 1125 1595 Quae·perspicuam
1146 1506 1179 1559 7
1224 1494 1564 1567 omnibus
1597 1498 1971 1569 veritatem
2018 1501 2344 1571 continet
2383 1524 2488 1573 as·-

362 1610 709 1705 sumptio‚
764 1608 945 1677 nihil
987 1606 1257 1703 indiget
1300 1604 1864 1703 approbationis.
1927 1611 2024 1677 Ea
2073 1624 2182 1681 est
2235 1609 2484 1706 hujus-

365 1718 599 1788 modi:
634 1746 669 1783 «
696 1718 771 1787 si
796 1732 1085 1815 oportet
1106 1742 1357 1815 sapere
1386 1712 1445 1803 ⁸,
1484 1716 1658 1789 dare
1690 1740 1984 1813 operam
2015 1719 2488 1819 philosophiae
2543 1717 2554 1724 ’

364 1829 697 1899 convenit
716 1858 769 1896 n.
800 1832 963 1898 Hoee
984 1829 1387 1925 propositio
1418 1826 1696 1922 indiget
1719 1826 2284 1923 approbationis.
2321 1834 2488 1901 Non

364 1940 559 2009 enim
598 1938 977 2035 perspicua
1014 1952 1121 2007 est
1142 1990 1161 2023 ‚
1196 1960 1437 2033 neque
1464 1948 1747 2008 constat
1783 1939 1974 2007 inter
2004 1962 2296 2026 omnm,
2328 1963 2492 2036 pro·

366 2063 611 2146 pterea
644 2047 845 2145 quod
882 2048 1092 2117 multi
1138 2046 1315 2117 nihil
1359 2046 1699 2143 prodesse
1733 2044 2296 2144 philosophiam,
2337 2051 2491 2147 ple-

364 2160 573 2256 rique
608 2161 819 2229 etiam
862 2156 1119 2229 obesse
1162 2156 1623 2227 arbitrantur.
1657 2158 2072 2253 Assumptio
2115 2160 2506 2255 perspicua-

367 2283 474 2341 est
492 2268 731 2340 haeco:
760 2300 792 2333 «
822 2274 1128 2368 Oportet
1164 2282 1403 2338 autem
1433 2290 1686 2364 sapere
1707 2297 1758 2335 ι».
1789 2270 1944 2337 Hoc
1971 2282 2208 2338 autem
2233 2278 2298 2312 ¹⁰
2324 2272 2494 2367 quia

366 2477 641 2526 Delevimus
674 2493 793 2526 nam
835 2477 889 2524 in
931 2477 1217 2543 principi03
1268 2491 1381 2524 uam
1468 2490 1586 2538 pere
1605 2497 1649 2523 a.
1704 2477 1874 2540 Itaque
1917 2475 1990 2524 sic
2032 2476 2176 2525 etiam
2227 2487 2396 2542 postea
2441 2479 2494 2526 iu

366 2557 539 2606 Cicero
554 2559 669 2607 ism
686 2556 1027 2606 conclusiones
1044 2555 1264 2605 absolute
1282 2571 1377 2620 po·

368 2636 467 2695 uit,
488 2651 580 2683 nec
604 2646 677 2683 est
704 2636 757 2682 iu
782 2635 907 2684 MSS
934 2645 1019 2684 aut
1041 2635 1155 2686 edd.
1182 2651 1259 2700 pr.
1281 2633 1384 2683 Ad-

366 2713 497 2764 didit
510 2713 685 2764 Aldus.
706 2716 836 2764 Eas.

441 2811 489 2856 7.
528 2795 650 2856 Quoe
688 2793 1077 2857 perspicuam...
1102 2793 1181 2842 Ea
1222 2804 1292 2842 ese
1334 2791 1385 2840 k.

367 2875 489 2922 nae
522 2873 665 2921 verba
706 2868 903 2920 Schiita.
944 2883 1001 2919 ut
1038 2871 1383 2937 ineptissimam

370 2951 651 3016 glossatoris
665 2949 889 2998 laciniam
905 2953 1129 3000 resecuit.
1146 2953 1205 2999 Iu
1230 2962 1386 3010 textu,

1468 2555 1804 2618 assumptione
1835 2555 2136 2619 scripsimus.
2155 2581 2226 2594 -
2244 2557 2495 2605 Cot-rectio

1470 2648 1827 2697 supervacanea
1873 2631 2104 2696 videtur3
2157 2651 2268 2682 uam
2313 2645 2496 2700 oportet

1469 2711 1611 2762 idem'
1631 2712 1760 2760 volet
1785 2711 1924 2775 qnod
1959 2733 1986 2755 α
1999 2725 2334 2777 opportunum
2352 2727 2424 2764 eet
2449 2735 2493 2762 a.

1471 2793 1586 2854 Quo
1605 2791 1824 2856 reposito
1846 2803 2099 2856 appareret
2114 2793 2237 2840 nihil
2251 2809 2353 2843 esse
2369 2795 2496 2844 desi·

1474 2871 1758 2920 derandum.

1547 2965 1598 3012 9.
1635 2951 1752 2997 Ass.
1787 2967 1843 3013 p-.
1884 2959 1954 2996 est
1985 2948 2110 2999 ltoee.
2137 2949 2338 3002 Scbiitz.
2369 2953 2500 3003 delet

370 3028 531 3094 iuquit
546 3065 561 3088 ,
586 3043 689 3075 nou
710 3028 930 3092 sequitur
950 3030 1217 3094 assumptio
1238 3029 1387 3095 syllo-
1468 3029 1728 3094 perspicua
1751 3037 1804 3075 ut
1831 3028 2148 3092 superfluum,
2161 3046 2312 3094 quum
2341 3033 2500 3080 statim

370 3108 539 3173 giemi,
604 3108 691 3155 sed
752 3107 1043 3171 propositio.
1092 3111 1190 3172 Qui
1238 3111 1391 3173 igitur

372 3185 479 3236 fleri
510 3197 733 3252 poterat,
771 3195 826 3234 ut
862 3185 1069 3246 Cicero,
1109 3187 1170 3236 de
1202 3205 1388 3236 mum·
1420 3195 1427 3202 “

374 3267 545 3332 ptioue
570 3266 723 3315 modo
748 3266 1005 3330 loquutus,
1033 3266 1216 3315 diceret
1238 3284 1252 3316 ε
1277 3290 1303 3310 κ
1322 3269 1391 3316 Ea

372 3355 449 3393 est
482 3343 835 3408 hujusmodi»,
874 3353 923 3391 et
968 3353 1126 3393 tamen
1166 3361 1268 3394 nou
1311 3361 1389 3392 as·

373 3424 725 3488 sumptionem,
744 3422 832 3471 sed
854 3424 1263 3488 propositionem,
1283 3423 1394 3471 sub-

366 3503 593 3567 iungeret
605 3499 697 3552 1³-
710 3507 827 3553 Hac
846 3499 1047 3551 Schiitz.
1066 3519 1209 3566 quem
1229 3504 1269 3551 si
1289 3518 1389 3550 non

373 3583 592 3646 sequitur
620 3585 653 3630 J
659 3617 672 3630 .
703 3583 856 3631 V.'L.
892 3582 1072 3629 fatetur
1106 3592 1264 3630 umen
1304 3583 1394 3631 ali-

373 3661 495 3724 quid
528 3661 909 3726 perturbationis
928 3661 1047 3709 huie
1068 3661 1181 3709 loeo
1216 3661 1391 3711 inesse.

448 3740 499 3787 8.
537 3740 591 3787 Si
624 3750 815 3804 oportet
848 3756 1037 3804 sapere.
1078 3737 1273 3789 Schiitz.
1312 3740 1397 3790 dat

373 3839 403 3860 α
421 3817 473 3868 Si
495 3829 691 3881 oportet
716 3819 839 3866 velle
865 3836 1032 3885 sapere
1051 3841 1075 3860 a
1112 3835 1224 3868 cum
1257 3823 1395 3870 hm-

376 3895 516 3944 bino.
562 3895 699 3944 Nihil
736 3895 895 3959 aliud,
937 3898 1123 3962 inquit,
1158 3897 1400 3962 significat

378 3974 688 4040 propositio,
717 3990 860 4038 quam
902 3976 985 4024 usi
1030 3977 1263 4041 sapientia
1314 3995 1401 4042 pe·

380 4053 525 4100 tenda
552 4065 669 4102 est»
692 4067 707 4102 :
751 4054 866 4102 hnic
913 4067 1073 4106 autem
1124 4055 1404 4120 oequipoliet

378 4131 683 4180 enuntiatum
718 4145 733 4179 ε
784 4155 807 4175 ι
834 4134 883 4182 Si
934 4145 1130 4198 oportet
1172 4135 1294 4184 velle
1334 4149 1403 4184 sa-

1477 3117 1706 3172 sequatur
1729 3128 1753 3148 a
1775 3107 1874 3154 boe
1901 3107 2014 3170 quia
2039 3107 2198 3171 ipsum
2225 3125 2288 3158 ex
2313 3125 2365 3158 re
2391 3127 2501 3176 per-

1481 3187 1690 3252 spicitur
1721 3207 1762 3234 a.
1801 3187 1862 3233 Iu
1897 3185 2022 3236 Mss
2061 3187 2381 3254 Oudendorp.
2427 3203 2500 3240 est

1494 3289 1516 3310 ι
1529 3263 1798 3329 assumptio
1817 3273 1890 3312 est
1913 3266 2169 3330 perspicua
2189 3289 2214 3309 a·
2229 3301 2245 3328 ,
2269 3269 2348 3318 vel
2360 3292 2382 3313 ι
2396 3287 2502 3334 per-

1480 3346 1650 3411 spicua
1679 3354 1769 3392 est.
1805 3345 1890 3392 Est
1930 3345 2059 3392 enim
2099 3347 2204 3395 haec
2225 3371 2269 3396 n.
2292 3335 2358 3397 1n‘
2387 3350 2502 3398 cod.

1480 3427 1625 3473 Voss.
1644 3441 1692 3472 οι
1712 3423 1865 3472 schol.
1896 3447 1921 3466 «ι
1935 3429 2205 3491 assumptio
2230 3429 2502 3494 perspicua.

1480 3505 1570 3554 Est
1602 3503 1730 3551 euim
1763 3503 1870 3551 hoec
1897 3525 1942 3552 n.
1982 3505 2041 3553 td
2080 3507 2242 3571 placet
2278 3507 2506 3556 Oudeud.

1481 3585 1588 3632 Nos
1615 3597 1732 3630 vero
1773 3582 1866 3630 hau
1901 3584 2202 3656 μακρολογίᾳ
2239 3603 2340 3635 non
2378 3587 2506 3636 dele-

1484 3672 1691 3710 ctamur.
1719 3661 1838 3710 Sca.
2013 3671 2030 3682 ’

1559 3757 1638 3790 10.
1675 3743 1784 3792 Hoc
1827 3753 1986 3790 autem
2033 3741 2171 3808 qm’a.
2219 3745 2405 3794 Ernest.
2457 3746 2508 3793 in

1485 3821 1618 3870 notis
1643 3821 1734 3879 ait,
1762 3839 1814 3871 se
1841 3833 2005 3869 utitem
2029 3821 2259 3871 delevisse
2281 3839 2296 3886 ;
2318 3823 2404 3871 sed
2423 3837 2508 3873 aut

1487 3917 1650 3966 opere
1670 3917 1774 3950 uon
1796 3913 2060 3967 paruerunt
2075 3937 2089 3960 ,
2122 3913 2208 3950 aut
2235 3903 2339 3966 ipse
2359 3905 2508 3952 corri-

1489 3995 1600 4044 gere
1629 3981 1682 4028 iu
1709 3991 1850 4028 textu
1877 3979 2057 4026 oblitus
2084 3991 2174 4030 est.
2207 3981 2358 4028 Recte
2393 3998 2510 4030 vero

1489 4057 1631 4107 abest
1673 4069 1838 4108 autem
1887 4075 1914 4105 a
1962 4059 2085 4108 MSS
2130 4059 2322 4109 duobus
2369 4061 2506 4111 Leid.

1493 4139 1624 4186 Cass.
1647 4137 1808 4187 Guelf.
1843 4155 1884 4186 ι.
1906 4139 2016 4187 Seu.
