2982 4682
533 374 674 447 558
1208 375 1303 440 M.
1362 373 1438 440 Τ.
1495 371 1978 442 CICERONIS

521 500 599 569 in
644 484 1281 568 deliberationibus
1330 506 1403 565 et
1454 492 1994 565 laudationibus
2040 492 2261 566 iidem
2307 500 2663 571 exsistunt

522 622 767 681 status,
801 608 979 675 Nam
1002 618 1073 676 et
1092 617 1448 700 negantur
1469 626 1656 700 saepe
1683 628 1766 673 ea
1798 602 2075 690 futura,
2103 629 2265 701 qnae
2293 606 2384 679 ab
2415 609 2660 706 aliquo

520 725 597 791 in
639 718 991 789 sententia
1024 713 1211 785 dicta
1258 728 1427 785 sunt
1461 711 1656 798 fore,
1700 716 1758 784 si
1789 729 1914 784 aut
1959 716 2262 788 omnino
2294 714 2452 789 fieri
2507 744 2656 790 non

524 843 854 929 possunt,
895 841 1020 897 aut
1054 826 1209 896 sine
1247 846 1528 895 summa
1575 820 1994 894 difficultate
2033 848 2182 894 non
2222 840 2544 922 possunt.
2577 806 2658 897 In

526 964 673 1038 qua
710 936 1329 1036 argumentatione
1374 948 1598 1003 status
1644 932 2145 1027 conjecturalis
2182 936 2478 1007 exsistit.
2537 941 2659 1025 At,

526 1075 755 1150 quum
794 1045 1065 1144 aliquid
1096 1046 1185 1115 de
1223 1044 1530 1115 utilitate
1554 1096 1572 1131 ,
1615 1043 2030 1131 honestate,
2063 1046 2399 1141 aequitate
2437 1046 2659 1118 disse-

524 1164 731 1246 ritur,
768 1158 1006 1254 deque
1053 1157 1135 1226 iis
1172 1153 1423 1240 rebus,
1462 1177 1621 1248 quae
1649 1153 1736 1223 iis
1769 1168 1936 1223 sunt
1971 1158 2345 1225 contrariae
2375 1183 2391 1225 :
2427 1157 2662 1228 incur-

525 1284 699 1341 runt
733 1281 992 1350 status,
1045 1278 1169 1333 aut
1198 1264 1413 1357 juriS,
1466 1276 1588 1331 aut
1631 1264 1963 1333 nominis.
2003 1262 2220 1355 Quod
2255 1264 2450 1335 idem
2487 1290 2658 1338 con-

530 1380 744 1476 tingit
792 1378 865 1446 in
925 1370 1477 1445 laudationibus.
1553 1375 1732 1443 Nam
1793 1387 1920 1444 aut
1967 1376 2210 1469 negari
2264 1389 2538 1472 potest,
2587 1376 2660 1447 id

526 1488 793 1561 factum
834 1511 1020 1572 esse,
1066 1482 1265 1580 quod
1308 1480 1642 1553 laudetur
1669 1509 1688 1568 3
1719 1498 1842 1554 aut
1889 1508 2037 1554 non
2091 1509 2180 1555 eo
2234 1489 2528 1557 nomine
2563 1486 2660 1558 af·

528 1596 958 1680 finiendum,
1010 1618 1161 1690 quo
1204 1592 1533 1663 laudator
1575 1590 1929 1683 affecerit3
1989 1608 2112 1665 aut
2153 1598 2457 1667 omuino
2513 1622 2660 1669 non

529 1733 684 1781 esse
717 1703 1113 1788 laudabile,
1152 1703 1351 1800 quod
1390 1727 1542 1772 non
1581 1717 1775 1773 recte
1798 1756 1818 1787 ,
1855 1728 2002 1773 non
2049 1704 2206 1798 jure
2242 1701 2510 1775 factum
2547 1708 2657 1777 sit.

532 1815 815 1912 Quibus
844 1812 1187 1885 omnibus
1216 1810 1605 1909 generibus
1631 1836 1804 1884 usus
1823 1827 1928 1883 est
1959 1816 2166 1884 nimis
2203 1814 2665 1912 impudenter

523 1930 755 1999 Caesar
788 1940 1039 1996 contra
1070 1927 1420 1995 Catonem
1450 1932 1753 1991 meum².
1795 1922 1929 1993 Sed
1963 1948 2121 2019 quae
2151 1948 2236 1993 ex
2276 1938 2468 1995 statu
2501 1950 2664 1997 con-

530 2034 758 2105 tentio
784 2028 1118 2115 efficitur,
1138 2054 1295 2099 eam
1316 2032 1542 2099 Graeci
1560 2032 1894 2127 κρινόμενον
1917 2043 2212 2099 vocant:
2235 2030 2412 2099 mihi
2433 2030 2664 2127 placet

526 2142 638 2228 id,
668 2143 1011 2241 quoniam
1038 2137 1335 2235 quidem
1372 2138 1459 2209 ad
1496 2155 1568 2211 te
1605 2138 1842 2211 scribo
1856 2134 1908 2220 3,
1941 2162 2088 2235 qua
2119 2138 2208 2209 de
2241 2136 2364 2207 re4
2398 2141 2662 2234 agitur,

528 2253 787 2323 vocari.
829 2248 1112 2341 Quibus
1154 2261 1394 2317 autem
1442 2249 1624 2335 hoc,
1671 2272 1815 2345 qua
1854 2246 1944 2318 de
1980 2266 2058 2317 re
2103 2249 2370 2344 agitur,
2429 2251 2662 2321 conti·

532 2380 797 2450 netur,
848 2349 983 2442 ea5,
1016 2363 1461 2430 continentia
1517 2374 1894 2444 vocentur,
1951 2359 2156 2453 quasi
2215 2357 2666 2431 firmamenta

532 2474 999 2558 defensioniS,
1030 2469 1297 2568 quibus
1334 2469 1632 2542 sublatis
1675 2468 1998 2541 defensio
2041 2469 2236 2538 nulla
2273 2472 2382 2539 sit.
2413 2469 2662 2566 (xxvl.)

531 2577 706 2672 sed,
750 2586 1095 2682 quoniam
1131 2581 1288 2678 lege
1318 2579 1594 2652 firmius
1619 2582 1694 2651 in
1728 2580 2230 2651 controversiis
2267 2580 2662 2679 disceptan-

530 2695 638 2765 dis
685 2718 836 2765 esse
880 2691 1058 2761 nihil
1101 2689 1360 2776 debet,
1407 2689 1643 2760 danda
1687 2703 1792 2762 est
1837 2714 2094 2787 opera,
2149 2703 2231 2760 ut
2268 2689 2496 2788 legem
2535 2694 2661 2764 ad-

528 2803 863 2898 jutricem
908 2815 979 2872 et
1017 2813 1273 2870 testem
1320 2799 1808 2870 adhibeamus.
1853 2804 1938 2868 Iu
1981 2824 2123 2895 qua
2164 2824 2243 2870 re
2294 2801 2413 2870 alii
2460 2805 2664 2899 quasi

608 3025 656 3058 α.
684 3009 861 3056 Contra
884 3005 1116 3054 Catonem
1150 3018 1327 3052 meum.
1366 3003 1552 3068 Nempe
1639 3003 1768 3050 mula
1788 3002 1919 3051 conf.
1938 3005 2074 3050 Brut.
2105 3019 2212 3067 cap.
2238 3019 2332 3066 79;
2358 3020 2448 3068 pro
2467 3006 2661 3055 Mun-en.

533 3091 638 3140 Cic.
658 3087 709 3134 in
748 3099 895 3148 opere
932 3079 1147 3147 quodam
1167 3081 1350 3130 Catone
1378 3083 1548 3130 inscri-
1637 3099 1745 3146 cap.
1775 3081 2103 3144 13.-Quint.
2131 3083 2229 3140 111,
2259 3097 2340 3140 ιι,
2373 3085 2461 3131 18:
2485 3085 2660 3132 «Panl-

534 3181 645 3233 pto,
668 3165 867 3213 Catonis
894 3161 1140 3212 Uticensis
1158 3161 1327 3209 landes
1344 3177 1554 3210 exorna·
1637 3161 1739 3209 lum
1759 3161 1809 3208 in
1832 3162 1908 3208 his
1931 3161 2074 3208 etiem
2093 3160 2264 3208 Cicero
2285 3161 2521 3225 dissentit.
2535 3163 2660 3211 Nam

534 3257 685 3304 verat,
705 3235 1012 3306 ingentisque
1030 3241 1123 3289 viri
1147 3241 1360 3288 animum
1381 3253 1430 3289 et
1449 3244 1550 3288 vir·
1635 3241 1688 3288 in
1723 3238 2031 3298 Rhetoricis,
2071 3225 2420 3306 Hermagoran
2463 3254 2536 3290 est
2581 3258 2659 3290 se-

532 3337 685 3376 tutem
723 3323 953 3370 invictam
992 3320 1333 3368 celebraverat.
1372 3319 1550 3376 Cacsar,
1640 3330 1853 3383 quntusg
1891 3315 1942 3366 in
1970 3318 2170 3381 Topicis
2200 3334 2262 3365 ex
2293 3301 2422 3366 sieta
2437 3319 2660 3368 effecum

534 3407 615 3454 cni
664 3404 771 3452 laus
816 3401 1017 3450 Catonis
1067 3416 1157 3465 pro
1195 3399 1554 3462 vituperatione
1641 3399 2005 3446 contenfionem
2065 3395 2331 3464 κρινόμενον
2377 3399 2619 3447 existimat
2642 3431 2658 3457 ,

534 3485 687 3552 ipsius
715 3492 846 3539 erat,
890 3477 1006 3526 hnic
1032 3479 1282 3528 Ciceronis
1313 3478 1451 3542 operi
1480 3495 1555 3526 re·
1641 3475 1788 3541 idque
1813 3475 2069 3537 Trebatio,
2095 3477 2182 3540 qni
2199 3477 2324 3536 juris
2345 3489 2446 3527 erat
2465 3479 2661 3527 consul·

532 3563 735 3629 spondit
766 3561 863 3606 alio
901 3575 1047 3622 opere
1092 3558 1328 3622 inscripto
1351 3557 1554 3605 Antica-
1643 3568 1748 3615 tus,
1783 3555 2002 3604 alludens
2037 3571 2140 3619 qua
2180 3555 2242 3604 de
2283 3571 2334 3603 re
2371 3556 2536 3622 «giem-
2569 3571 2658 3620 np-

530 3657 647 3693 tone
665 3677 682 3703 ,
734 3631 877 3704 cujus
928 3637 1193 3701 sepissime
1244 3637 1427 3684 mentio
1480 3647 1558 3685 est
1641 3635 1822 3700 pellat,
1850 3633 2026 3698 quibus
2057 3634 2112 3683 id
2143 3637 2463 3696 continentur,
2499 3645 2657 3691 conti-

530 3723 663 3790 apud
692 3723 901 3768 Veteres.
1643 3715 1833 3773 nentia,
1855 3714 1990 3776 quasi
2021 3712 2318 3761 firmamenta
2338 3714 2652 3768 defensionis,

604 3805 653 3850 3.
685 3799 932 3863 Quoniam
961 3793 1155 3859 quidem
1188 3794 1261 3842 ad
1292 3805 1339 3842 te
1374 3793 1553 3842 scribo.
1643 3791 1822 3857 quibus
1865 3791 2068 3840 sublatis
2109 3792 2326 3842 defensio
2363 3793 2493 3840 nulle
2527 3794 2592 3840 sit
2615 3815 2653 3840 n.

530 3887 631 3930 Int.
653 3881 715 3927 sd
742 3881 771 3925 J
776 3890 907 3926 ctum
932 3910 945 3935 ,
966 3891 1145 3922 nomen
1173 3875 1215 3921 ei
1238 3872 1366 3922 dabo
1396 3889 1421 3919 e
1452 3873 1555 3920 sor·
1715 3873 1766 3920 5.
1791 3873 1864 3918 Ea
1884 3883 2012 3920 cont.
2043 3873 2123 3918 Sic
2139 3871 2396 3934 legendum
2423 3871 2610 3919 videtur
2627 3887 2655 3917 e

534 3961 661 4008 mula
680 3960 803 4021 juris
836 3979 857 3998 ι
883 3973 977 4020 qua
1005 3955 1065 4002 de
1097 3971 1148 4002 re
1176 3953 1337 4018 agitur
1358 3975 1403 4002 ι.
1436 3953 1554 4001 Vid.
1643 3953 1837 4000 Partitt.
1865 3967 1972 4014 cap.
1997 3966 2089 4014 29,
2119 3951 2198 3998 vel
2229 3951 2358 4012 baec,
2381 3961 2436 3999 nt
2461 3950 2654 4013 quidam

537 4041 685 4085 Faber
706 4042 927 4085 Semestr.
956 4037 1007 4092 1,
1038 4052 1057 4080 1
1072 4051 1116 4082 ι.
1140 4036 1270 4082 Eu.
1645 4032 1762 4080 olim
1795 4029 2080 4088 ediderunt,
2105 4045 2204 4077 non
2227 4047 2326 4087 eoe,
2343 4042 2398 4078 nt
2423 4030 2660 4078 recentio-

611 4124 655 4169 4,.
683 4117 793 4178 Qua
834 4114 895 4160 de
934 4128 985 4158 re
1013 4110 1190 4178 agitur.
1219 4111 1294 4158 De
1324 4109 1415 4159 hac
1454 4111 1554 4158 sor-
1643 4127 1734 4168 res,
1753 4125 1878 4174 quos
1897 4110 2022 4156 inter
2040 4108 2154 4158 Sch.
2181 4119 2230 4156 et
2252 4111 2365 4156 Em.
2383 4111 2434 4157 J.
2460 4111 2520 4156 V.
2547 4109 2598 4155 1..
