2982 4682
702 404 826 472 DE
872 398 1467 483 INVENTIONE,
1523 392 1786 467 LIBER
1834 400 1898 467 Π
1917 450 1936 483 ,
1981 396 2093 469 32.
2311 402 2406 487 46
2419 429 2442 474 1

341 521 723 620 dissimile]
748 576 767 609 ,
801 520 999 619 quod
1034 520 1293 605 levius,
1323 516 1596 589 facilius
1615 574 1636 607 ‚
1661 543 1812 589 non
1839 520 2269 616 ignorabile,
2295 550 2448 596 non

339 634 765 719 fortuitum,
820 655 967 702 non
1018 629 1495 699 necessarium
1539 626 1788 713 fuerit3
1840 644 2088 725 postea
2147 632 2445 705 demon-

340 758 596 828 strare,
639 742 963 837 potuisse
1002 739 1238 823 vitari;
1291 752 1363 808 et
1413 736 1546 807 bac
1603 739 1878 809 ratione
1927 739 2288 835 provideri
2321 754 2452 839 po-

339 856 559 921 tuisse
591 904 611 933 ‚
680 852 738 920 si
790 848 964 933 hoc,
1029 862 1154 917 aut
1214 846 1391 917 illud
1446 844 1770 930 fecissen
1837 862 1962 916 aut
2031 872 2126 917 ne
2183 848 2282 919 sic
2349 851 2450 923 fe·-

341 952 621 1046 cisset⁸‚
665 940 1079 1055 praecaveri3
1134 970 1206 1025 et
1248 953 1788 1025 definitionibus
1827 956 2239 1034 ostendere,
2302 984 2452 1029 non

349 1068 535 1137 hanc
554 1065 1147 1163 imprudentiam,
1186 1079 1308 1133 aut
1334 1087 1572 1135 casum
1595 1116 1616 1147 ‚
1651 1079 1774 1133 aut
1809 1065 2408 1137 necessitudinem
2432 1126 2451 1152 ‚

322 1176 471 1245 .sed
546 1176 919 1255 inertiam,
997 1171 1542 1269 negligentiam,
1611 1170 2007 1244 fatuitatem
2097 1180 2454 1247 nominari

352 1293 709 1381 oportere.
2111 1280 2114 1283 ’

437 1397 537 1464 Ac
572 1395 631 1463 si
672 1416 813 1488 qua
862 1388 1311 1462 necessitudo
1358 1390 1882 1488 turpitudinem
1922 1390 2286 1463 videbitur
2327 1395 2450 1465 ha-

344 1502 555 1589 bere,
594 1498 969 1598 oportebit
992 1523 1123 1595 per
1157 1499 1479 1569 locorum
1520 1502 2010 1571 communium
2039 1503 2454 1599 implicatio-

346 1636 511 1683 nem
567 1609 1115 1706 redarguentem
1158 1608 1723 1695 demonstraret),
1783 1610 2070 1705 quidvis
2129 1618 2452 1709 perpeti,

345 1722 533 1790 mori
568 1719 885 1814 denique
914 1719 1132 1788 satius
1164 1716 1413 1803 fuisse,
1450 1742 1666 1814 quam
1693 1718 2042 1812 ejusmodi
2070 1728 2452 1794 necessitu·
2505 1804 2512 1821 .

346 1828 497 1901 dini
532 1828 1047 1926 obtemperare.
1074 1832 1307 1923 Atque
1344 1842 1498 1897 tum
1537 1852 1625 1897 ex
1662 1825 1773 1895 bis
1810 1827 2019 1909 locis,
2066 1829 2158 1901 de
2187 1833 2454 1927 quibus

344 1940 417 2008 in
472 1939 810 2035 negotiali
848 1953 1052 2035 parte
1088 1934 1357 2007 dictum
1392 1952 1498 2007 est
1521 1946 1606 2022 ¹⁰,
1630 1935 1810 2028 juris
1847 1951 1920 2005 et
1953 1940 2304 2033 aequitatis
2333 1966 2452 2013 na-

346 2062 575 2120 turam
617 2046 981 2144 oportebit
1016 2070 1365 2142 quaerere,
1392 2060 1502 2131 et,
1528 2045 1730 2139 quasi
1750 2044 1822 2112 in
1858 2042 2183 2115 absoluta
2205 2044 2454 2141 ¹¹‘juri.

344 2157 610 2247 diciali‚
648 2182 779 2254 per
808 2182 885 2228 se
928 2160 1067 2225 hoc
1106 2158 1340 2252 ipsum
1389 2152 1481 2224 ab
1527 2152 1748 2223 rebus
1775 2152 2132 2254 *omnibus
2177 2178 2453 2253 separa-

344 2270 473 2339 tim
517 2267 989 2339 considerare.
1039 2270 1277 2364 Atque
1317 2264 1457 2334 boc
1494 2266 1568 2333 in
1612 2263 1811 2349 locu,
1855 2264 1912 2333 si
1954 2261 2252 2337 facultas
2289 2272 2452 2356 erit,

344 2377 693 2476 exemplis
717 2379 823 2478 uti
841 2388 897 2420 ¹²
934 2375 1300 2474 oportebit
1318 2429 1337 2462 ‚
1370 2373 1637 2472 quibus
1661 2376 1736 2443 in
1761 2375 1971 2444 simili
1998 2379 2456 2450 excusatione

346 2512 496 2558 non
550 2487 643 2557 sit
686 2488 1060 2583 ignotumz,
1113 2499 1189 2556 et
1230 2485 1740 2570 contentione,
1792 2487 2018 2582 magis
2070 2485 2206 2558 illis
2251 2489 2457 2583 igno-

346 2595 691 2666 scendum
736 2595 987 2682 fuisse3
1030 2608 1099 2666 et
1133 2621 1219 2665 ex
1256 2588 1790 2665 deliberationis
1837 2594 2202 2692 partibus,
2242 2612 2456 2696 turpe

345 2720 469 2777 aut
500 2707 752 2778 inutile
780 2731 935 2778 esse
963 2705 1263 2776 concedi
1296 2729 1451 2778 eam
1489 2730 1640 2776 rem
1665 2757 1684 2790 ,
1726 2729 1886 2800 quae
1925 2703 2016 2774 ab
2055 2705 2458 2780 adversario

345 2818 717 2886 commissa
747 2818 879 2902 sit3
910 2837 1383 2912 permagnum
1420 2839 1575 2884 esse
1599 2809 1688 2897 ¹3,
1725 2825 1796 2882 et
1837 2835 2100 2908 magno
2130 2811 2453 2887 futurum

418 3004 467 3052 8.
490 3005 594 3050 Am
616 3019 679 3050 ne
711 3001 777 3050 εἷο
797 3001 1017 3066 fecisset.
1042 3003 1253 3050 Restitui
1280 3003 1353 3049 le-

346 3082 557 3129 ctionem
582 3081 696 3128 edd.
721 3097 799 3144 pr.
827 3095 890 3127 ne
916 3078 1017 3136 sic,
1041 3097 1187 3143 quam
1211 3082 1353 3144 pleri·

346 3176 443 3224 que
464 3159 589 3210 MSS
612 3160 756 3208 etiam
786 3159 958 3214 nostri,
985 3169 1161 3220 prater
1180 3161 1276 3206 Gn.
1310 3175 1356 3219 1,

347 3235 544 3285 habent.
570 3234 728 3283 Aldus
762 3233 957 3282 induxit
990 3233 1099 3280 nisi.
1140 3232 1237 3280 Sed
1267 3249 1357 3281 nee

346 3315 417 3362 de
434 3315 573 3362 locus
587 3325 783 3362 “natus
799 3323 870 3360 eet
890 3328 901 3356 =
929 3334 954 3352 α-
968 3327 1079 3360 nam
1095 3313 1358 3375 pmcn-eri

346 3409 411 3440 ne
426 3394 497 3440 sie
509 3394 697 3441 recinet
715 3414 765 3450 ιι,
780 3407 883 3440 non
901 3403 973 3438 est
989 3388 1113 3438 bene
1132 3390 1355 3452 tatinum,

349 3471 431 3518 ned
468 3473 835 3534 germanianam
868 3470 1009 3534 sapit.
1041 3471 1357 3519 Consti-aetio

348 3549 558 3612 legitima
608 3551 819 3613 postulat
859 3549 1067 3614 fuceret.
1108 3551 1237 3597 Ean.
1284 3575 1356 3586 —

349 3626 607 3674 anbimu
647 3628 795 3676 finxit
822 3649 848 3670 ιι
866 3644 923 3675 ac
949 3643 1009 3676 ne
1044 3629 1087 3675 si
1118 3629 1295 3676 faceret
1313 3649 1356 3675 ιι.

348 3703 632 3754 Gulielmius
658 3706 908 3767 scribebat,
928 3723 955 3754 e
980 3707 1221 3770 plerisque
1243 3707 1356 3755 Suf-

348 3781 472 3830 fredi
494 3781 631 3830 libris
664 3807 685 3827 ι
704 3797 789 3832 aut
822 3799 911 3832 nec
939 3785 1131 3833 fecisset
1153 3805 1198 3844 n,
1220 3787 1357 3849 quod

346 3877 451 3909 nou
488 3865 877 3925 contempserim.
919 3865 1087 3912 Gurrr.
1136 3891 1207 3902 ——-
1241 3865 1354 3914 Sch.

347 3937 431 3987 dat
456 3959 481 3980 α
508 3949 593 3986 aut
617 3941 669 3985 ni
690 3942 762 3988 sie
778 3959 823 3998 ιο,
850 3953 1049 3990 auctore
1064 3943 1195 3990 Oud.

402 4003 467 4080 ¹9.
507 4019 605 4064 Per·
631 4017 846 4065 Iocorum
880 4035 1057 4070 comm.
1092 4020 1221 4085 impl.
1248 4021 1352 4068 red.

1443 3015 1552 3047 rum
1579 3001 1907 3048 communium
1925 3001 2210 3065 redarguere
2236 3004 2458 3054 adversa-

1441 3081 1569 3125 rium
1598 3077 2002 3141 demonstrando,
2035 3090 2132 3129 etc.

1520 3172 1599 3204 ιο.
1636 3157 1712 3204 De
1731 3156 1900 3219 qm‘bm
1921 3193 1934 3206 .
1956 3190 1970 3205 .
1992 3193 2003 3208 .
2029 3159 2210 3207 dietum
2238 3173 2324 3210 est.
2367 3165 2460 3211 Su·

1442 3250 1534 3298 pru
1555 3251 1597 3282 c.
1629 3247 1658 3284 2
1673 3251 1715 3284 t.
1737 3237 1905 3284 Wrrz.

1520 3329 1542 3361 1
1558 3331 1600 3362 ι.
1624 3317 1684 3362 In
1707 3313 1950 3364 absoluta.
1977 3317 2095 3380 Cap.
2121 3319 2207 3366 23.
2229 3319 2404 3371 wau.

1522 3408 1602 3442 12.
1631 3393 1880 3456 Exemplis
1905 3393 1978 3440 uei
1993 3411 2072 3458 op.
2095 3393 2292 3445 Sehfitz.
2319 3398 2460 3448 addit

1455 3491 1477 3513 ι
1490 3485 1660 3518 eorum
1679 3471 1930 3517 hominum
1947 3492 1969 3514 ι
1989 3482 2101 3535 post
2116 3473 2202 3532 τιεί,
2227 3490 2336 3537 quae
2355 3492 2459 3524 ver-

1443 3547 1506 3596 ba
1551 3565 1614 3596 ex
1663 3547 1974 3617 Lambiniana
2019 3553 2267 3599 revocavit
2285 3589 2298 3610 ,
2342 3555 2454 3618 quin

1444 3642 1546 3675 non
1585 3627 1816 3691 exemplis
1837 3663 1852 3686 ‚
1890 3626 1974 3675 sed
2009 3628 2292 3677 hominibus
2316 3633 2455 3694 igno·

1444 3705 1616 3754 scitur.
1667 3731 1734 3742 —
1773 3708 1842 3753 At
1877 3721 1965 3768 per
2000 3706 2190 3770 ellipsin
2234 3711 2456 3758 eumdem

1444 3799 1638 3833 sensum
1656 3783 1847 3848 vulgata
1867 3783 2070 3847 prebet.

1523 3865 1602 3910 13.
1624 3867 1949 3927 Permagnam
1970 3878 2085 3912 esse.
2112 3863 2240 3912 Edit.
2257 3866 2457 3914 Omnib.

1442 3941 1590 3990 habet
1635 3965 1659 3983 ι
1676 3956 1938 4006 permagno
1979 3955 2080 3988 ease
2100 3960 2122 3982 ι·
2142 3975 2157 4001 ,
2205 3941 2336 4003 quod
2375 3959 2463 3992 cnr

1443 4020 1724 4084 probaverit
1749 4017 2158 4082 Oudendorpim,
2185 4033 2286 4066 uon
2317 4021 2458 4069 iutel-

340 4094 696 4144 demoastmu.
714 4097 773 4145 Id
793 4109 891 4156 est,
913 4114 1002 4160 per
1026 4101 1195 4147 seriem
1216 4100 1352 4149 loeo-
1438 4099 1560 4162 ligo.
1582 4103 1698 4148 Seu.
