2982 4682
793 372 918 438 AD
969 371 1552 457 ΗΕΒΕΝΝΙΠΜ,
1596 373 1867 440 LIBER
1913 373 1979 456 1,
2020 395 2089 466 9.
2466 370 2503 412 ³·

2414 399 2503 442 20

603 490 844 552 Athenis
869 497 1166 571 Megaram
1197 495 1424 572 vesperi
1453 492 1690 552 advenit
1714 485 1909 552 Simo:

611 581 729 644 Ubi
763 583 999 644 advenit
1023 589 1354 664 Megaram,
1386 585 1625 646 insidias
1656 585 1793 662 fecit
1823 583 2125 663 virginiw:

609 676 854 736 Insidias
881 690 1186 755 postquam
1219 678 1384 750 fecit,
1412 679 1529 736 vim
1560 677 1621 735 in
1647 677 1839 736 Ιοεοιι
1872 676 2081 734 attulit.

365 838 548 904 Rem
599 832 912 905 dilucide
973 833 1426 906 narrabimus
1447 890 1467 922 ‚
1520 836 1611 922 si,
1662 849 1747 905 ut
1807 832 2135 931 quidque
2187 837 2503 931 primum

363 958 654 1043 gestum
682 946 858 1030 erit,
879 945 979 1017 ita
1009 946 1322 1042 primum
1351 967 1832 1042 exponemuS,
1855 959 1930 1015 et
1952 965 2195 1015 rerum
2218 967 2302 1014 ac
2328 957 2505 1014 tem-

365 1079 634 1153 porum
669 1056 998 1127 ordinem
1027 1054 1655 1144 conservabimus,
1682 1069 1767 1127 ut
1796 1069 2011 1152 gestae
2046 1049 2160 1124 res
2177 1063 2235 1097 ¹²
2266 1069 2504 1137 erunt,

367 1178 495 1235 aut
540 1178 623 1236 ut
657 1166 980 1263 potuisse
1001 1157 1062 1210 13
1109 1170 1261 1262 geri
1301 1164 1766 1237 videbuntur.
1808 1169 1942 1235 Hic
1988 1165 2125 1236 erit
2172 1164 2503 1235 conside-

367 1271 718 1362 randum,
748 1299 840 1345 ne
878 1275 1054 1370 quid
1090 1273 1558 1373 perturbate,
1586 1300 1679 1347 ne
1720 1274 1899 1373 quid
1926 1288 2259 1346 contorte
2283 1277 2370 1363 ¹⁴,
2408 1301 2503 1346 ne

371 1491 628 1558 deinceps,
655 1501 824 1556 estque
845 1490 976 1539 idem
997 1490 1134 1556 quod
1167 1503 1286 1540 ause
1317 1491 1391 1540 di-

372 1583 510 1620 ctum
533 1582 606 1619 est
634 1572 806 1635 (velut
828 1588 974 1620 versu
999 1570 1227 1636 primo),
1254 1589 1316 1620 ne
1343 1584 1394 1622 et

371 1661 490 1716 post
522 1651 713 1716 dicatur
744 1649 766 1712 (
785 1667 927 1700 versu
955 1650 1172 1700 secundo
1187 1650 1225 1716 ).
1259 1655 1388 1700 Eun.

361 1755 438 1769 -
462 1728 659 1778 Sehiita.
684 1729 890 1778 scribit:
924 1731 1112 1780 «etim
1143 1747 1207 1778 ne
1234 1730 1386 1794 quid,

359 1809 508 1858 simul
545 1809 785 1870 diximus,
831 1810 1062 1874 deinceps
1101 1809 1322 1859 dieamus
1343 1831 1386 1861 a.

365 1889 603 1952 Vulgata,
639 1888 829 1952 inquit,
865 1905 956 1936 nee
989 1889 1390 1938 antecedentibus

362 1969 598 2015 convenit
611 2003 626 2026 ‚
653 1969 769 2032 quia
801 1966 931 2015 idem
963 1979 1087 2016 esset
1125 1979 1272 2034 atque
1303 1969 1356 2016 id
1374 2002 1391 2028 ,

367 2047 509 2110 quod
537 2047 693 2096 modo
729 2047 914 2095 dictum
949 2049 1104 2096 suerat
1130 2063 1146 2096 ι
1181 2071 1207 2092 α
1227 2064 1289 2097 ne
1313 2047 1392 2096 bis

369 2137 458 2174 aut
478 2128 656 2191 sepius
673 2126 801 2174 idem
820 2125 1038 2174 dicamus
1055 2141 1106 2188 »ς
1123 2142 1214 2174 nec
1231 2142 1393 2175 exem-

372 2205 460 2268 plo
474 2240 490 2265 ,
529 2204 668 2269 quod
695 2204 936 2270 seqnitur,
969 2207 1086 2253 satis
1109 2205 1387 2270 respondet.

367 2285 539 2349 Itaque
569 2286 868 2332 correximus
902 2306 928 2326 ιι
945 2301 1008 2333 ne
1033 2285 1158 2350 quid
1184 2302 1223 2334 s.
1260 2284 1311 2334 d.
1339 2283 1389 2334 d.

363 2364 585 2413 dieamus
601 2387 628 2407 a·
649 2400 668 2425 ,
693 2365 832 2428 quod
853 2364 908 2412 id
933 2364 1096 2429 ipsum
1124 2374 1226 2424 est,
1251 2364 1392 2427 quod

363 2443 585 2507 sequenti
622 2442 851 2507 exemplo
882 2442 1163 2491 illustratur.
1197 2446 1356 2506 Supra
1374 2475 1391 2502 ,

364 2523 502 2587 quod
521 2522 606 2570 hic
623 2532 791 2586 aptum
817 2536 922 2569 non
943 2532 1040 2580 est,
1069 2522 1314 2571 omittitur
1337 2521 1393 2569 in

363 2602 515 2650 codd.
541 2600 808 2649 nonnullis.
839 2600 1180 2649 Emendationi
1207 2611 1392 2649 nostra

363 2682 496 2729 favet
520 2682 628 2731 Cic.
660 2680 722 2728 de
749 2682 856 2740 Inv-
879 2682 936 2739 1,
966 2695 1032 2727 ao
1052 2693 1065 2726 :
1085 2700 1120 2737 ⁵c
1143 2690 1190 2727 et
1217 2680 1259 2727 si
1286 2694 1392 2727 non

363 2761 427 2809 ab
454 2776 548 2823 eo,
567 2762 620 2807 in
645 2775 748 2823 quo
772 2760 996 2824 proxime
1031 2758 1240 2807 desitum
1267 2758 1390 2817 erit,

366 2840 598 2904 deinceps
617 2838 880 2903 incipietur
896 2860 942 2886 ιο.

442 2933 522 2967 10.
540 2914 892 2981 Insidias-fecit
908 2914 1110 2981 virgini.
1129 2918 1392 2966 hmbinns

365 2993 668 3043 -insidiatur
704 2994 926 3059 virgini·
966 3005 1138 3043 contra
1179 2996 1301 3045 Pan.
1341 3008 1394 3046 et

366 3074 504 3123 Gan.
529 3090 688 3139 neque
714 3089 881 3122 versus
905 3074 1073 3123 labat·
1059 3110 1074 3123 .
1105 3074 1394 3125 absorbetur

365 3154 500 3201 enim
522 3154 681 3218 prima
703 3152 894 3218 syllaba
923 3169 955 3202 a
976 3152 1073 3203 fine
1099 3154 1395 3205 anteceden-

367 3233 450 3282 tis.
477 3232 644 3280 Gan-r.

443 3326 525 3360 u.
557 3310 670 3357 Vim
703 3310 754 3358 in
787 3310 914 3360 loco.
953 3311 1216 3360 Lambinus
1255 3312 1388 3373 coni.

369 3389 516 3437 -vim
549 3389 752 3439 illinon.
793 3390 892 3439 Sed
924 3391 1020 3439 cin
1048 3389 1210 3439 loeo·
1243 3393 1395 3439 inter·

367 3476 536 3531 pretor
567 3468 657 3517 illo
695 3470 808 3533 ipso
841 3468 990 3529 loeo,
1029 3470 1116 3518 nbi
1141 3470 1396 3521 insidiatus

369 3558 472 3595 erat
499 3547 692 3611 virgini.
721 3550 842 3597 Sca.

443 3642 525 3675 ια.
560 3628 620 3674 Ut
639 3638 797 3691 3estae
821 3644 900 3675 res
931 3638 1088 3675 emm.
1124 3631 1254 3676 Ante
1289 3628 1396 3683 bne

369 3704 512 3753 verba
531 3702 732 3755 Sehfitz.
756 3706 897 3755 addit
917 3723 932 3756 :
957 3728 980 3751 ι
1005 3719 1058 3755 et
1081 3707 1124 3755 si
1146 3708 1211 3754 ita
1233 3722 1396 3757 narre-

369 3784 583 3832 bimus».
607 3786 728 3833 Haec
747 3784 1022 3850 supplenda
1033 3796 1199 3844 crant,
1217 3786 1391 3849 inquit,

367 3862 526 3911 eloco
557 3864 703 3911 simili
741 3864 852 3915 Cic.
886 3864 949 3913 de
981 3868 1170 3915 tuvent-
1203 3868 1257 3927 1,
1289 3879 1385 3914 no:

367 3966 394 3983 α
416 3945 598 4006 Aperta
627 3954 794 3992 autem
817 3946 1032 3993 narratio
1059 3944 1241 4008 poterit
1265 3960 1393 4003 esse,

369 4023 410 4070 si
431 4035 492 4071 nt
507 4022 728 4088 quidque
751 4024 964 4087 primum
989 4034 1178 4087 gestum
1197 4024 1314 4082 erit,
1331 4025 1398 4071 ita

369 4102 576 4165 primum
600 4112 898 4167 exponant,
923 4113 972 4151 et
997 4118 1156 4151 rerum
1188 4120 1244 4153 nc
1271 4114 1397 4173 tegu-

1478 1509 1657 1558 porum
1680 1493 1805 1544 ordo
1828 1492 2113 1551 servabitur,
2136 1503 2195 1540 ut
2218 1493 2287 1541 ita
2310 1504 2508 1540 narsen·

1479 1584 1575 1636 tur,
1594 1585 1651 1622 ut
1667 1584 1814 1637 gestae
1832 1590 1908 1620 res
1924 1585 2065 1621 erunt
2078 1608 2095 1634 ‚
2113 1584 2199 1621 eut
2214 1584 2271 1621 ut
2288 1572 2507 1636 potuisse

1479 1653 1581 1716 geri
1614 1653 1911 1702 videbuntur
1928 1675 1968 1700 a.
2014 1651 2129 1700 Tris
2177 1651 2307 1700 enim
2358 1663 2474 1700 sunt
2489 1685 2503 1710 ‚

1476 1747 1589 1795 qum
1616 1732 1699 1780 hic
1724 1732 1989 1780 dilucidam
2002 1732 2162 1780 faeere
2179 1732 2505 1780 narrationem

1477 1810 1709 1860 dicuntur
1746 1827 1760 1860 :
1801 1813 2013 1876 primum
2028 1844 2044 1871 ,
2088 1821 2169 1871 ut,
2214 1827 2325 1875 quae
2368 1809 2507 1875 prius

1474 1887 1601 1938 facta
1640 1900 1753 1938 sunt
1770 1925 1785 1948 ‚
1825 1891 1969 1938 etiam
2012 1889 2296 1954 priusquam
2344 1899 2506 1938 cetera

1475 1978 1831 2027 memorentur3
1849 1978 1962 2015 sunt
1974 1970 2102 2015 enim
2117 2006 2133 2031 ,
2149 1970 2236 2031 qui
2250 1967 2311 2016 eb
2325 1979 2507 2017 eventu

1477 2046 1695 2096 secundo
1723 2063 1779 2095 ec
1820 2048 1966 2095 tertio
2012 2047 2251 2110 incipiant
2265 2081 2281 2108 ,
2330 2047 2507 2096 deinde

1477 2127 1533 2174 id
1550 2163 1567 2185 ,
1606 2123 1741 2188 quod
1773 2125 1936 2189 primo
1970 2125 2087 2172 loco
2123 2123 2303 2173 accidit
2316 2159 2331 2184 ,
2369 2127 2507 2190 qnasi

1479 2205 1625 2253 obliti
1649 2203 1941 2269 suppleant:
1981 2205 2217 2264 alterum,
2252 2214 2306 2251 ut
2342 2220 2405 2251 ne
2432 2221 2507 2252 res

1479 2299 1593 2331 cum
1628 2283 1803 2341 rebus,
1840 2295 1928 2331 aut
1965 2293 2186 2348 tempora
2222 2299 2335 2330 cum
2360 2282 2507 2331 rebus

1477 2364 1621 2413 aliter
1640 2363 1993 2429 conjungamus
2007 2396 2022 2421 ,
2040 2373 2187 2426 atque
2212 2363 2265 2410 in
2292 2364 2402 2426 ipso
2426 2378 2509 2409 ne-

1478 2442 1617 2507 gotio
1647 2442 1848 2490 fuerunt
1877 2444 2169 2504 conjunctu
2198 2443 2393 2489 tertium
2411 2477 2427 2502 ‚
2450 2450 2509 2489 ut

1478 2520 1669 2577 omnia,
1703 2536 1813 2585 quae
1845 2520 1909 2569 ad
1942 2520 2193 2585 negotium
2229 2520 2506 2585 pertinent,

1475 2601 1547 2651 ita
1568 2601 1852 2660 referamus,
1870 2612 1927 2650 ut
1946 2617 2021 2650 res
2040 2602 2182 2665 qnasi
2198 2610 2311 2649 ante
2332 2600 2511 2649 oculos

1477 2682 1757 2730 auditorum
1774 2682 1875 2745 geri
1894 2682 2133 2731 videntur.

1556 2761 1636 2809 13.
1662 2766 1764 2809 Aue
1788 2772 1844 2809 ut
1857 2761 2095 2825 potuisse.
2122 2760 2297 2809 Abest.
2339 2770 2393 2807 ue
2422 2758 2507 2809 ed.

1479 2840 1616 2889 Med.
1642 2842 1775 2903 1498
1804 2850 1853 2887 et
1874 2840 1953 2888 ed.
1978 2841 2130 2900 1476.

1558 2924 1639 2973 1⁴.
1681 2917 1985 2966 Per-turbate.
2006 2952 2021 2967 .
2043 2951 2055 2963 .
2108 2928 2343 2965 contorte.
2379 2916 2512 2964 mad

1479 2996 1543 3045 ad
1560 2996 1773 3061 priorem
1800 2996 1955 3059 legem
1978 2996 2183 3043 refertur
2196 3009 2212 3055 ;
2226 2996 2513 3059 perturbate

1479 3076 1609 3125 enim
1641 3087 1828 3135 narrat,
1862 3075 1951 3139 qui
1976 3075 2187 3139 primum
2225 3075 2267 3121 Β
2289 3109 2305 3133 ,
2333 3073 2511 3121 deinde

1481 3156 1553 3212 C,
1582 3154 1761 3203 deinde
1786 3158 1833 3203 A
1862 3156 2031 3213 refert,
2058 3155 2132 3203 sic
2158 3164 2215 3201 nt
2238 3152 2337 3201 hoc
2364 3154 2513 3201 tertio

1479 3234 1599 3283 loco
1623 3245 1879 3293 annectat,
1914 3234 2053 3299 quod
2084 3234 2247 3298 primo
2274 3233 2389 3281 loeo
2414 3246 2512 3296 po·

1481 3328 1596 3361 nere
1618 3313 1840 3365 debebat.
1881 3314 2109 3363 Centone
2139 3324 2301 3363 autem
2324 3323 2513 3373 narrat,

1482 3392 1571 3457 qui
1591 3406 1783 3451 errore]
1808 3404 1858 3441 et
1881 3392 2023 3456 lapsu
2042 3394 2291 3440 memorie
2318 3408 2393 3439 res
2412 3392 2515 3439 ello

1483 3471 1658 3521 ordine
1679 3472 1881 3535 aliisque
1904 3471 2209 3538 tenporibus
2236 3480 2393 3534 gestas
2412 3486 2519 3519 esse

1483 3550 1661 3608 refert,
1689 3566 1835 3614 quam
1864 3566 2031 3599 tever-
2057 3561 2173 3598 sunt
2199 3560 2365 3615 gestae.
2394 3550 2515 3597 Sca.

1484 3655 1557 3665 —-
1592 3628 1831 3692 Equidem
1866 3630 2141 3693 putaverim
2172 3640 2387 3677 concor-ee
2412 3644 2519 3677 esse

1486 3708 1729 3757 laboriose
1742 3742 1759 3768 ,
1778 3708 2025 3772 implicite,
2047 3708 2218 3771 gallice
2232 3742 2249 3767 ‚
2269 3720 2327 3756 nt
2352 3708 2419 3755 nit
2443 3708 2521 3753 vir

1487 3786 1549 3836 cl.
1568 3788 1765 3835 Leclerc
1780 3822 1795 3849 ,
1816 3785 2092 3836 emoreillds.
2108 3786 2223 3834 Non
2242 3796 2299 3834 ut
2318 3784 2515 3833 Sobata.

1485 3865 1673 3930 placuit
1686 3900 1703 3925 ,
1726 3865 1883 3913 multo
1910 3867 2072 3913 minus
2092 3876 2149 3911 ut
2168 3865 2409 3913 Wetselio
2428 3864 2517 3927 qui

1485 3944 1689 4009 interpr.
1716 3966 1743 3985 οι
1762 3944 1907 3991 nimis
1936 3942 2163 4003 breviter,
2190 3942 2399 4005 indeque
2424 3942 2523 3989 ob-

1486 4040 1627 4072 scure
1646 4044 1687 4069 n.
1715 4024 1777 4069 Et
1801 4034 1973 4071 nostro
2008 4022 2173 4071 sensui
2192 4022 2353 4068 favere
2380 4020 2521 4068 vide-

1491 4115 1571 4151 tur
1610 4101 1809 4149 allatmn
1849 4101 1911 4148 ab
1950 4118 2011 4151 eo
2052 4100 2329 4164 exemplum
2352 4113 2366 4146 τ
2399 4120 2427 4139 ··
2446 4116 2523 4148 res
