2982 4682
439 337 571 407 128
1121 338 1220 405 M.
1272 338 1349 405 T.
1402 336 1892 409 CICERONIS

432 464 502 533 Si
526 456 1097 557 vituperabimus
1112 510 1131 543 ‚
1154 482 1268 542 ea,
1289 484 1449 556 quae
1462 458 1871 532 videbimus
1893 462 2284 549 contraria,
2315 461 2562 559 paucis

430 569 669 642 verbis
715 569 1206 655 commutatiS‚
1256 567 1395 641 dici
1446 594 1696 667 posse,
1758 569 2128 642 dicemus:
2188 585 2273 641 ut
2319 571 2564 669 paullo

431 695 599 752 ante
622 675 681 726 ¹⁸
701 679 1010 776 exempli
1033 702 1242 749 causa
1274 677 1849 752 demonstratum
1869 694 1998 752 est.
2012 678 2124 751 Ab
2145 680 2563 752 auditorum

430 812 771 885 persona,
810 791 869 860 si
895 786 1384 876 laudabimus»,
1416 791 1766 886 quoniam
1791 814 1940 860 non
1974 788 2246 887 apud¹9
2271 792 2562 887 ignotos

433 899 840 986 laudemus»,
879 924 1013 969 nos
1048 898 1398 970 monendi
1446 924 1659 971 causa
1710 924 1941 997 pauca
1993 924 2146 970 esse
2191 898 2562 973 dicturos:

430 1023 555 1079 aut
592 1010 650 1077 si
686 1022 901 1079 erunt
938 1009 1197 1105 ignoti,
1234 1023 1316 1079 ut
1340 1009 1558 1080 talem
1583 1012 1820 1081 virum
1838 1010 2065 1081 velint
2096 1034 2565 1107 cognoscere,

432 1134 809 1216 petemus3
864 1120 1213 1215 quoniam
1252 1121 1328 1191 in
1375 1120 1636 1191 eodem
1679 1120 1966 1191 virtutis
2016 1119 2343 1191 studio²⁰
2379 1123 2562 1208 sint,

436 1227 633 1325 apud
661 1248 848 1325 quos
872 1225 1285 1315 laudemus,
1322 1254 1474 1325 quo
1509 1229 1700 1300 ineu
1722 1284 1744 1317 ,
1770 1232 1898 1326 qui
1918 1228 2283 1318 laudetur,
2311 1228 2567 1318 fuerit,

435 1353 561 1409 aut
578 1340 668 1407 sit
688 1347 751 1381 ²²
768 1392 788 1422 ‚
812 1361 1101 1434 sperare
1122 1362 1259 1408 nos
1287 1336 1496 1409 facile
1519 1340 1602 1409 iis
1621 1392 1640 1423 ‚
1683 1338 1953 1435 quibus
1973 1340 2316 1428 velimus»,
2343 1340 2567 1436 hujus

430 1446 609 1519 facta
678 1444 1136 1545 probaturos.
1218 1450 1594 1519 Contraria
1661 1450 2092 1547 vituperatio
2145 1478 2162 1519 ε
2214 1452 2566 1546 quoniam

434 1562 716 1641 norint,
754 1580 981 1653 pauca
1016 1554 1108 1627 de
1155 1560 1477 1653 nequitia
1514 1558 1669 1653 ejus
1711 1583 1843 1630 nos
1893 1583 2048 1630 esse
2077 1552 2142 1605 ²3
2181 1558 2505 1631 dicturos
2546 1588 2563 1629 ε

432 1666 631 1766 quod
650 1669 708 1737 si
730 1668 1099 1763 ignorent,
1127 1682 1458 1764 petemus
1481 1682 1566 1738 ut
1592 1684 2064 1764 cognoscant,
2093 1672 2201 1739 uti
2223 1668 2564 1739 malitiam

434 1781 658 1849 vitare
690 1778 1005 1875 possint;
1045 1780 1387 1875 quoniam
1425 1778 1806 1850 dissimiles
1835 1780 2013 1861 sint,
2053 1782 2182 1875 qui
2221 1777 2564 1861 audiunt,

433 1904 655 1985 atque
700 1888 854 1975 ilie,
912 1888 1040 1984 qui
1074 1892 1560 1987 vituperatur,
1603 1913 1740 1959 nos
1782 1912 2072 1987 sperare
2114 1887 2304 1959 illius
2347 1888 2566 1958 vitam

433 1998 903 2069 vehementer
938 1996 1475 2095 improbaturos
1495 1996 1584 2067 ²4.
1617 1996 1726 2069 Ab
1755 1996 1975 2069 rebus
2005 2001 2216 2094 ipsis,
2249 1998 2567 2068 incertos

434 2135 587 2184 esse
606 2106 707 2195 ²⁵,
762 2106 941 2205 quid
1000 2109 1461 2205 potissimum
1515 2107 1892 2179 laudemus
1953 2134 1968 2174 z
2033 2108 2265 2178 vereri
2283 2104 2387 2192 ²⁶,
2427 2130 2564 2193 ne,

511 2363 592 2412 18.
628 2364 689 2409 Ue
698 2359 872 2426 paullo
898 2371 1027 2408 ante.
1046 2358 1176 2408 Edd.
1209 2358 1327 2408 Ald.
1370 2355 1460 2406 sd·
1545 2355 1641 2404 Pro
1663 2356 1861 2420 vulgato
1897 2356 2135 2404 laudatur·
2159 2355 2258 2404 hoc
2296 2355 2519 2405 dedimus
2539 2373 2568 2404 e

431 2445 554 2491 dunt
590 2457 740 2506 supra
759 2457 785 2487 e
813 2439 986 2503 glossa.
1019 2438 1235 2485 senum
1268 2463 1337 2474 —-
1362 2437 1459 2485 Pro

433 2534 580 2577 ante,
617 2535 763 2584 supra
781 2518 926 2566 habet
944 2515 1022 2564 ed.
1047 2531 1067 2564 Ι
1080 2516 1198 2576 476.

513 2615 593 2661 ¹9·
627 2597 870 2661 Quoniam
894 2613 991 2643 mm
1020 2595 1157 2658 apud
1183 2594 1385 2658 ignotos.
1408 2595 1454 2642 1.

435 2697 478 2728 e.
510 2680 739 2744 Ignaros,
779 2675 917 2741 qnod
946 2675 1091 2724 etism
1118 2673 1315 2738 quidam
1343 2671 1456 2720 libri

432 2759 614 2807 habent
628 2773 691 2805 ex
712 2757 885 2820 glossa.
914 2755 979 2802 Es
1011 2753 1085 2800 vis
1118 2751 1279 2801 verbis
1310 2750 1456 2816 igno-

434 2849 511 2885 tus
528 2872 544 2897 ,
580 2835 760 2894 hodie,
792 2845 850 2883 ut
884 2833 1086 2897 opinor,
1109 2831 1255 2879 etiam
1282 2829 1456 2878 tironi-

432 2917 525 2964 bus
555 2933 582 2962 e
620 2912 826 2962 Pbaedro
862 2923 977 2960 nota
1005 2921 1094 2959 est.
1142 2911 1357 2957 Eunus-r.
1385 2935 1455 2945 —-

436 2996 587 3056 Cujus
624 2994 771 3041 verba
815 2989 1013 3039 schfitz.
1060 3005 1215 3053 prope
1256 2987 1451 3043 retulit3

438 3075 549 3121 vide
568 3073 691 3120 infra
720 3073 811 3128 Π,
844 3071 943 3126 5ος
972 3067 1163 3118 Phaedr.
1182 3071 1235 3126 1,
1272 3083 1329 3115 ιι
1355 3103 1371 3126 ,
1404 3083 1453 3112 v.

439 3170 504 3215 ος
531 3154 635 3201 Cic.
655 3149 718 3198 ad
758 3149 872 3196 Div.
893 3152 961 3206 V,
1003 3164 1063 3197 υ
1082 3183 1097 3207 ,
1126 3163 1221 3205 ²²3
1258 3147 1453 3196 Cot-nel.

433 3231 618 3298 Age-sil.
641 3232 686 3277 8.
710 3229 1141 3278 VVrrzae-Contrs
1172 3225 1305 3290 apud
1321 3225 1456 3272 Taci-

433 3327 537 3361 tum
557 3325 570 3359 z
590 3331 617 3352 α
633 3324 733 3356 non
755 3306 848 3354 sibi
872 3308 1049 3373 ignara
1075 3323 1184 3371 quae
1211 3305 1273 3354 de
1290 3303 1455 3353 Silano

422 3389 755 3460 'migsbantnr
772 3408 795 3428 a
818 3422 833 3448 ,
876 3393 1011 3436 Ann.
1052 3389 1153 3445 111,
1180 3389 1247 3448 69
1268 3397 1283 3444 3
1308 3405 1333 3426 ι
1352 3400 1455 3432 non

435 3473 529 3522 sibi
564 3471 791 3535 ignarum,
810 3490 855 3514 ι.
896 3467 994 3522 tv,
1033 3467 1061 3514 8
1082 3500 1101 3524 ,
1138 3480 1229 3528 pro
1255 3461 1455 3528 ignota,

434 3553 669 3619 ignotum.
686 3569 790 3588 -κ
806 3547 1049 3608 Quoniam
1069 3543 1329 3593 nihil'novi
1356 3557 1456 3589 non

440 3629 559 3678 nibil
613 3624 746 3690 apud
799 3623 997 3688 ignotos
1018 3644 1039 3665 ι
1059 3657 1075 3682 ,
1120 3620 1233 3669 edd.
1284 3619 1418 3680 1476
1439 3653 1455 3678 ,

433 3710 569 3759 Med.
616 3708 767 3768 1498.

509 3807 593 3837 πο.
630 3784 828 3832 Virtutis
855 3781 1013 3830 studio
1048 3780 1157 3828 sine.
1192 3779 1453 3826 Lambinus

436 3872 568 3930 conj.
595 3863 774 3915 stadio.
802 3861 900 3909 Sed
914 3862 962 3908 h.
978 3859 1013 3906 i.
1036 3857 1323 3906 vocabulum
1346 3872 1455 3920 pro·

432 3941 930 4016 priunimetapborico
951 3937 1320 4003 pratici-endum.
1341 3937 1455 3986 Scn.

506 4046 562 4078 αι
578 4063 588 4074 .
623 4027 727 4087 Quo
756 4021 852 4070 ille.
878 4021 1013 4066 Vett.
1036 4015 1154 4065 edd.
1175 4027 1324 4080 aeque
1350 4016 1451 4063 ille.

502 4123 589 4155 22.
632 4099 725 4166 Qui
759 4099 985 4148 laudetur
1003 4091 1186 4160 ,ficcrit
1202 4129 1219 4156 ,
1247 4105 1336 4142 aue
1370 4093 1450 4144 sit.

1543 2433 1670 2484 MSS
1689 2433 1912 2498 pluribus
1932 2436 2065 2498 apud
2086 2434 2216 2484 Oud.
2247 2447 2296 2483 et
2322 2435 2402 2483 ed.
2431 2435 2568 2484 Med.

1542 2517 1832 2563 Ennsr.--
1840 2516 1997 2577 Quem
2019 2515 2130 2562 Sch.
2147 2514 2411 2579 probnt—
2425 2517 2567 2562 Grut-

1545 2593 1793 2641 Iaudatnr.
1833 2620 1905 2629 -
1939 2593 2075 2640 Idem
2097 2609 2124 2640 a
2151 2593 2272 2640 Pan.
2296 2593 2566 2640 iucuioevit

1541 2671 1667 2720 illud
1693 2683 1782 2718 aue
1803 2673 1863 2718 sie
1885 2671 2118 2720 hactenns
2139 2671 2277 2720 libris
2305 2671 2569 2736 publicatis

1541 2751 1832 2816 ignoratum.

1614 2831 1699 2879 23.
1727 2832 1830 2878 Nos
1851 2847 1958 2880 esse
1987 2830 2215 2880 dicturos.
2241 2832 2417 2879 Delent
2442 2829 2568 2878 MSS

1541 2909 1680 2958 Cort.
1712 2921 1762 2956 et
1787 2909 1872 2958 alii
1908 2926 1991 2981 ap.
2020 2909 2151 2959 ond.
2189 2926 2300 2957 cum
2325 2911 2408 2959 ed.
2454 2909 2569 2956 Me-

1541 2987 1664 3036 diol.
1693 3003 1780 3036 nos
1798 3004 1926 3044 esse,·
1956 3005 2046 3036 nee
2073 2987 2316 3053 displicet.
2347 2989 2474 3036 Eue.
2495 3014 2569 3023 —

1540 3069 1669 3114 Vera
1713 3076 1874 3114 tamen
1917 3083 2019 3115 esse
2053 3066 2292 3123 arbitror,
2337 3065 2568 3130 qnoniam

1541 3145 1603 3193 iis
1628 3146 1843 3203 omissis,
1869 3145 2080 3192 dicturos
2100 3145 2320 3192 videatur
2346 3160 2458 3192 cum
2477 3159 2568 3190 no·

1543 3223 1640 3272 rint
1659 3221 1874 3272 construi
1896 3221 2090 3272 debere.
2111 3223 2326 3272 Scau-rz-

1617 3311 1701 3359 ²4-
1721 3301 1859 3351 luins
1877 3301 2036 3350 vitam
2052 3301 2366 3351 wkementer
2390 3301 2570 3366 impro-

1542 3383 1759 3428 batur-os.
1787 3377 1988 3428 sehiitz.
2018 3379 2156 3427 addit
2185 3397 2267 3428 eos
2294 3391 2405 3428 ante
2433 3379 2566 3429 illim

1541 3478 1569 3508 e
1592 3461 1702 3508 cod.
1731 3459 1836 3506 Erf.
1872 3458 1955 3506 alii
1979 3459 2168 3506 addunt
2188 3471 2301 3508 ante
2319 3459 2570 3524 improba-

1541 3551 1674 3586 tur-os
1692 3573 1708 3596 ‚
1741 3550 1796 3587 ut
1813 3539 1956 3588 Cort.
1977 3539 2055 3588 ed.
2093 3540 2244 3602 1474.

1618 3621 1700 3667 25.
1729 3622 1942 3668 Incertus
1956 3637 2076 3669 esse.
2095 3619 2295 3668 schiitz.
2316 3621 2564 3668 «incertos

1541 3714 1634 3747 nos
1672 3715 1816 3746 esse·-
1835 3735 1849 3756 ‚
1888 3711 2085 3747 anctore
2108 3699 2363 3747 Gronovio
2391 3715 2419 3746 c
2446 3697 2566 3746 cod.

1545 3779 1720 3827 Duish.
1749 3805 1819 3816 —
1843 3803 1868 3821 ιι
1886 3781 2129 3828 Incertum
2159 3795 2261 3826 esse
2280 3813 2295 3837 ,
2315 3777 2452 3841 quod
2475 3793 2572 3842 po-

1547 3859 1654 3907 tiss.
1673 3881 1697 3900 ω
1722 3857 1800 3907 ed.
1818 3858 1950 3906 Med.
1983 3861 2130 3920 1494.

1621 3940 1704 3984 26.
1745 3937 1910 3984 Veneri
1926 3972 1939 3994 ,
1969 3951 2058 3994 ne,
2103 3935 2264 3984 deleto
2303 3951 2392 3983 nos
2426 3954 2453 3982 e
2481 3937 2572 3984 ΜΒ

1547 4019 1681 4063 (tort.
1711 4025 1756 4062 et
1788 4015 1950 4062 multis
1987 4031 2067 4078 ap.
2099 4015 2232 4062 oud.
2275 4013 2355 4064 ed.
2399 4015 2526 4074 1474
2554 4010 2580 4071 ‚⁵

1544 4097 1829 4145 Mettum,
1851 4097 1983 4144 Ena.
2007 4097 2218 4156 -Quem
2239 4093 2348 4144 Sch.
2369 4093 2568 4158 probat.
