2982 4682
497 283 641 372 448
1182 286 1279 353 Μ.
1330 287 1407 353 Τ.
1461 285 1948 355 CICERONIS

492 422 579 478 ut
606 406 795 476 bene
824 417 1164 476 tractatus
1200 404 1274 474 in
1312 405 1445 476 hac
1484 429 1728 494 causa,
1770 429 2032 502 magno
2059 405 2146 476 ad
2189 408 2621 503 persuaden-

493 514 665 586 dum
695 527 1066 602 momento
1095 511 1380 584 futurus
1410 515 1538 602 sit3
1578 528 1649 586 et
1691 513 1871 586 alter
1908 514 2108 585 locus
2126 515 2181 603 ⁴,
2209 541 2342 614 per
2363 543 2618 614 quem,

494 647 747 719 magna
796 646 962 692 cum
1012 621 1610 718 amplificatione,
1657 621 1990 695 beneficii
2057 625 2478 722 magnitudo
2535 653 2626 698 ex

496 733 837 817 utilitate,
888 744 1013 801 aut
1058 731 1469 817 honestate,
1528 746 1651 802 aut
1706 730 1870 803 facti
1925 735 2452 812 necessitudine
2494 736 2623 808 de·

494 857 970 930 monstratum
1027 856 1099 913 et
1140 843 1433 929 tertius,
1495 867 1624 939 per
1663 865 1882 938 quem
1925 866 2037 912 res
2081 866 2412 940 expressa
2461 867 2624 916 ver-

492 950 640 1039 bis,
670 965 839 1022 ante
870 949 1123 1023 oculos
1160 974 1411 1021 eorum
1434 1005 1454 1037 ,
1485 953 1614 1047 qui
1641 948 1984 1037 audiunt,
2017 953 2336 1048 ponitur,
2371 969 2454 1024 ut
2485 956 2623 1051 ipsi

493 1085 571 1133 se
598 1051 628 1108 ⁵
664 1085 967 1157 quoque
1011 1060 1201 1130 idem
1246 1057 1565 1132 facturos
1609 1059 1826 1132 fuisse
1867 1059 2340 1149 arbitrentur,
2391 1066 2447 1132 si
2485 1061 2624 1134 sibi

494 1170 613 1240 illa
654 1193 803 1257 res,
840 1183 1058 1266 atque
1111 1193 1193 1240 ea
1254 1167 1561 1240 faciendi
1625 1194 1838 1241 causa
1897 1193 2028 1267 per
2083 1169 2273 1243 idem
2334 1187 2621 1271 tempus

496 1279 885 1352 accidisset.

589 1389 860 1484 (xxvi.)
910 1385 1188 1457 Relatio
1214 1384 1583 1458 criminis6
1619 1402 1726 1460 est
1748 1442 1768 1476 ‚
1797 1412 2026 1485 quum
2064 1415 2228 1461 reus
2263 1389 2334 1461 id
2356 1445 2374 1476 ‚
2413 1392 2618 1488 quod

496 1500 856 1594 arguitur,
920 1493 1329 1582 confessm,
1372 1496 1661 1568 alterius
1713 1523 1790 1568 se
1844 1499 2220 1570 inductum
2281 1515 2617 1598 peccato,

488 1607 653 1702 jure
679 1604 925 1676 fecisse
954 1598 1419 1676 demonstrat.
1450 1609 1553 1676 Ea
1578 1621 1685 1677 est
1712 1606 2166 1731 hujusmodi:
2197 1612 2578 1683 «Horatius
2595 1667 2616 1700 ,

496 1715 748 1786 occisis
774 1714 1005 1784 tribus
1045 1715 1375 1785 Curiatiis
1397 1727 1452 1801 7,
1487 1728 1561 1786 et
1597 1713 1886 1787 duobus
1923 1718 2196 1788 amissis
2237 1715 2578 1789 fratribus
2599 1773 2620 1807 ,

496 1823 793 1896 domum
847 1848 923 1894 se
982 1825 1212 1895 victor
1270 1769 1564 1923 rece'pit.
1623 1829 1691 1896 Is
1743 1826 2242 1898 animadvertit
2293 1851 2616 1900 sororem

496 1959 699 2006 suam
744 1931 834 2004 de
879 1930 1181 2004 fratrum
1226 1948 1458 2004 morte
1495 1958 1644 2004 non
1678 1932 2170 2023 laborantem3
2217 1939 2461 2034 sponsi
2499 1961 2624 2006 au-

496 2059 645 2115 tem
689 2068 959 2114 nomen
996 2043 1477 2140 appellantem
1526 2041 1938 2114 identidem'
1965 2045 2258 2115 Curiatii
2295 2071 2462 2117 cum
2497 2070 2622 2143 ge-

498 2158 682 2227 mitu
701 2169 773 2234 et
792 2152 1319 2224 lamentatione.
1343 2151 1647 2251 Indigne
1671 2179 1918 2251 passus
1931 2207 1951 2240 ,
1968 2155 2318 2251 virginem
2335 2155 2618 2226 occidit.

498 2270 961 2337 Accusatur».

595 2376 911 2446 Intentio
943 2386 1081 2459 est,
1120 2402 1153 2436 t<
1183 2373 1451 2467 injuria
1488 2396 1809 2443 sororem
1841 2373 2241 2445 occidisti».
2272 2374 2624 2473 Depulsio

498 2499 640 2572 est,
676 2475 896 2554 ‹kJure
932 2481 1160 2553 occidi
1194 2512 1249 2551 n.
1291 2484 1607 2571 Quaestio
1651 2496 1789 2570 est,
1828 2512 1862 2547 α
1886 2488 2152 2553 Jurene
2195 2482 2620 2554 occiderit».

499 2597 703 2668 Ratio
745 2607 886 2681 est,
943 2592 1127 2663 «Illa
1169 2592 1357 2664 enim
1392 2591 1708 2665 hostium
1760 2607 2066 2663 mortem
2110 2591 2429 2691 lugebat,
2473 2591 2620 2663 fra-

500 2721 694 2777 trum
742 2700 1178 2799 negligebat3
1236 2726 1353 2771 me
1412 2717 1485 2773 et
1533 2700 1890 2799 populum
1943 2726 2328 2773 romanum
2373 2704 2624 2774 vicisse

499 2816 799 2888 moleste
863 2810 1137 2884 ferebat
1164 2841 1223 2881 n.
1292 2808 1692 2881 Infirmatio
1761 2825 1901 2898 est,
1953 2840 1987 2875 α
2013 2816 2280 2882 Tamen
2321 2835 2362 2881 a
2404 2810 2622 2883 fratre

500 3006 595 3054 que
628 3005 656 3036 a
683 2988 779 3035 Gu.
806 3002 857 3045 κ,
888 3000 936 3033 a.
966 2983 1182 3033 Omnino
1214 2982 1319 3031 haec
1347 2983 1522 3033 vitiosa

500 3064 889 3131 interpunctione
912 3062 1099 3112 divulsa
1128 3072 1242 3109 eunt
1263 3076 1276 3109 ε
1304 3076 1415 3109 nam
1446 3074 1523 3111 to-

502 3158 605 3196 tum
633 3161 660 3193 a
690 3143 825 3190 -loci
857 3156 1033 3189 comm.
1049 3162 1075 3183 υ
1104 3155 1255 3202 neque
1286 3139 1351 3187 ad
1386 3140 1522 3188 acei-

500 3223 651 3273 di‘sset
672 3236 827 3269 unum
863 3228 967 3266 eat:
992 3216 1037 3264 ei
1066 3217 1135 3263 rei
1162 3216 1520 3280 interpunctio·

500 3320 610 3353 nem
659 3296 1143 3347 accommodavimus.
1184 3297 1399 3344 Ennea-r.
1447 3322 1518 3332 -—-

500 3378 757 3432 Schiitzffus
788 3392 839 3424 ee
863 3374 1089 3441 Ernestio
1116 3373 1520 3439 obtemperavi-⁸0

502 3458 774 3510 denuntiat.

573 3549 624 3598 4.
644 3538 707 3586 Ee
726 3536 853 3584 alter
872 3534 1018 3581 Iocus.
1046 3535 1199 3580 Locus
1220 3534 1355 3583 abest
1376 3550 1403 3581 a
1428 3534 1516 3583 MS
1561 3530 1573 3545 ⁰

500 3617 636 3669 Leid-
680 3627 730 3665 et
776 3613 1086 3673 deleviaeem,
1134 3613 1229 3661 niai
1272 3613 1518 3661 videretur
1555 3670 1560 3677 .

500 3698 696 3747 verbum
750 3694 1006 3757 repetitum
1060 3708 1163 3740 esse
1181 3726 1196 3751 ‚
1243 3694 1379 3757 quod
1421 3694 1517 3743 hoc

499 3776 765 3825 membrum
785 3771 951 3839 paullo
980 3771 1173 3835 longius
1200 3771 1336 3820 abest
1360 3788 1389 3820 a
1411 3772 1516 3835 pri·

499 3874 581 3905 mo
604 3871 618 3905 :
646 3869 759 3902 nam
781 3853 853 3899 aie
878 3851 1004 3900 solet
1024 3851 1196 3898 facere.
1218 3851 1345 3898 Ean.

574 3936 621 3982 5.
665 3931 767 3997 Ipsi
806 3946 858 3979 se
898 3945 1091 3995 quoque
1124 3928 1272 3978 idem.
1319 3927 1517 3977 Lallem.

504 4010 683 4058 omittit
701 4025 767 4056 se.

1682 2984 1730 3032 6.
1758 2982 1947 3031 Relatio
1969 2980 2197 3033 criminis.
2223 2984 2296 3033 De
2321 3000 2414 3048 qua
2429 2984 2626 3049 respice

1609 3065 1673 3113 ad
1693 3065 1809 3111 Her.
1831 3064 1906 3119 11,
1938 3062 2014 3109 15.

1684 3159 1732 3203 7.
1766 3140 2004 3189 Curiatiis.
2023 3142 2217 3189 Ernesti
2232 3141 2313 3189 dat
2333 3140 2624 3191 Curiatibus.

1607 3220 1714 3279 Sic,
1759 3220 1946 3283 inquit,
1991 3218 2123 3267 edidi
2164 3236 2191 3267 e
2239 3221 2363 3269 MSS
2407 3221 2626 3284 quinque

1607 3298 1740 3347 Oud.
1769 3308 1818 3346 et
1849 3297 2059 3357 nostris,
2091 3306 2234 3361 atque
2269 3297 2380 3345 edd.
2408 3314 2483 3361 pr.
2511 3314 2626 3346 nam

1607 3388 1656 3426 et
1678 3389 1794 3441 poat
1815 3385 1889 3424 eat
1919 3375 2160 3434 Cur-iacis,
2193 3386 2242 3423 et
2266 3376 2456 3424 facilius
2476 3377 2623 3425 libra·

1606 3457 1707 3505 rina
1735 3454 2000 3503 antiatibus
2023 3466 2180 3503 mutet
2210 3456 2262 3503 in
2286 3454 2441 3515 illud,
2478 3472 2626 3519 quam

1603 3534 1730 3583 illud
1755 3538 1809 3582 in
1829 3534 1953 3593 hoc,
1979 3533 2116 3597 quod
2141 3534 2379 3583 usitatius.
2399 3534 2628 3598 Utroque

1605 3624 1733 3662 eet-te
1751 3615 1864 3661 loco
1883 3612 2013 3660 idem
2033 3612 2232 3660 verbum
2249 3628 2352 3660 esse
2373 3612 2535 3674 debet,
2551 3613 2626 3661 vel

1605 3692 1743 3757 quod
1789 3708 1882 3741 nos
1921 3691 2168 3748 dedimus,
2206 3691 2284 3739 vel
2325 3690 2546 3739 Curiatiis
2578 3704 2628 3739 et

1609 3770 1842 3827 Curiatii,
1882 3769 2026 3833 quod
2065 3768 2284 3831 placebat
2327 3770 2457 3818 Oud.
2487 3772 2626 3818 Ean.

1605 3876 1679 3888 —
1707 3850 1902 3897 Ultimis
1943 3848 2103 3896 vei-bia
2143 3849 2350 3896 Emeatii
2385 3852 2630 3898 Gruterus

1605 3928 1877 3994 attingitur,
1893 3926 1978 3990 qui
2001 3928 2210 3990 primum
2231 3927 2369 3976 dedit
2390 3926 2621 3983 Curiatii,

1606 4008 1780 4056 deinde
1795 4042 1810 4067 ,
1825 4016 2009 4055 mutata
2031 4006 2373 4070 declinatione,
2401 4006 2630 4057 acrioris.
