<?xml version="1.0" encoding="UTF-8"?>
<!DOCTYPE html PUBLIC "-//W3C//DTD XHTML 1.0 Transitional//EN"
    "http://www.w3.org/TR/xhtml1/DTD/xhtml1-transitional.dtd">
<html xmlns="http://www.w3.org/1999/xhtml" xml:lang="en" lang="en">
 <head>
  <title>
</title>
<meta http-equiv="Content-Type" content="text/html;charset=utf-8" />
  <meta name='ocr-system' content='tesseract 3.04.00' />
  <meta name='ocr-capabilities' content='ocr_page ocr_carea ocr_par ocr_line ocrx_word'/>
</head>
<body>
  <div class='ocr_page' id='page_1' title='image "./mtciceronisquae07lemagoog_0259.png"; bbox 0 0 2982 4682; ppageno 0'>
   <div class='ocr_carea' id='block_1_1' title="bbox 659 351 2491 468">
    <p class='ocr_par' dir='ltr' id='par_1_1' title="bbox 659 351 2491 468">
     <span class='ocr_line' id='line_1_1' title="bbox 659 351 2491 468; baseline -0.002 -16"><span class='ocrx_word' id='word_1_1' title='bbox 659 351 664 356; x_wconf 75' lang='grc'><em>’</em></span> <span class='ocrx_word' id='word_1_2' title='bbox 707 385 838 452; x_wconf 82' lang='lat' dir='ltr'><strong>An</strong></span> <span class='ocrx_word' id='word_1_3' title='bbox 885 383 1485 468; x_wconf 79' lang='lat' dir='ltr'><strong>HERENNIUM‚</strong></span> <span class='ocrx_word' id='word_1_4' title='bbox 1535 381 1805 451; x_wconf 78' lang='lat' dir='ltr'><strong>mBER</strong></span> <span class='ocrx_word' id='word_1_5' title='bbox 1854 365 1993 462; x_wconf 82' lang='lat' dir='ltr'><strong>1v&#39;,</strong></span> <span class='ocrx_word' id='word_1_6' title='bbox 2034 374 2148 462; x_wconf 74' lang='lat'><strong>34.</strong></span> <span class='ocrx_word' id='word_1_7' title='bbox 2352 377 2491 448; x_wconf 78' lang='lat'><strong>233</strong></span> 
     </span>
    </p>
   </div>
   <div class='ocr_carea' id='block_1_2' title="bbox 345 499 2499 2144">
    <p class='ocr_par' dir='ltr' id='par_1_2' title="bbox 345 499 2499 2144">
     <span class='ocr_line' id='line_1_2' title="bbox 345 499 2495 606; baseline -0.001 -33"><span class='ocrx_word' id='word_1_8' title='bbox 345 508 584 578; x_wconf 74' lang='lat' dir='ltr'><strong>«Nam</strong></span> <span class='ocrx_word' id='word_1_9' title='bbox 624 529 854 606; x_wconf 86' lang='lat' dir='ltr'><strong>quum</strong></span> <span class='ocrx_word' id='word_1_10' title='bbox 892 527 1106 575; x_wconf 82' lang='lat' dir='ltr'><strong>canes</strong></span> <span class='ocrx_word' id='word_1_11' title='bbox 1139 499 1593 602; x_wconf 81' lang='lat' dir='ltr'><strong>funguntur⁶</strong></span> <span class='ocrx_word' id='word_1_12' title='bbox 1632 499 1897 574; x_wconf 84' lang='lat' dir='ltr'><strong>officiis</strong></span> <span class='ocrx_word' id='word_1_13' title='bbox 1942 499 2287 598; x_wconf 88' lang='lat' dir='ltr'><strong>luporum</strong></span> <span class='ocrx_word' id='word_1_14' title='bbox 2310 554 2331 586; x_wconf 91' lang='lat'>‚</span> <span class='ocrx_word' id='word_1_15' title='bbox 2376 503 2495 574; x_wconf 88' lang='lat' dir='ltr'><strong>cui</strong></span> 
     </span>
     <span class='ocr_line' id='line_1_3' title="bbox 351 604 2495 716; baseline -0.002 -29"><span class='ocrx_word' id='word_1_16' title='bbox 351 615 690 716; x_wconf 71' lang='lat' dir='ltr'><strong>praesidio</strong></span> <span class='ocrx_word' id='word_1_17' title='bbox 724 639 954 713; x_wconf 84' lang='lat' dir='ltr'>pecua</span> <span class='ocrx_word' id='word_1_18' title='bbox 991 614 1365 686; x_wconf 83' lang='lat' dir='ltr'><strong>credemus</strong></span> <span class='ocrx_word' id='word_1_19' title='bbox 1397 616 1472 686; x_wconf 80' lang='lat'><strong>⁷?</strong></span> <span class='ocrx_word' id='word_1_20' title='bbox 1510 645 1543 680; x_wconf 67' lang='lat'><strong>2&gt;</strong></span> <span class='ocrx_word' id='word_1_21' title='bbox 1592 618 1730 684; x_wconf 89' lang='lat' dir='ltr'><strong>Per</strong></span> <span class='ocrx_word' id='word_1_22' title='bbox 1764 604 2319 709; x_wconf 82' lang='lat' dir='ltr'><strong>argumentum⁸</strong></span> <span class='ocrx_word' id='word_1_23' title='bbox 2356 624 2495 682; x_wconf 82' lang='lat' dir='ltr'><strong>tra-</strong></span> 
     </span>
     <span class='ocr_line' id='line_1_4' title="bbox 349 719 2493 824; baseline -0.003 -26"><span class='ocrx_word' id='word_1_24' title='bbox 349 739 607 813; x_wconf 86' lang='lat' dir='ltr'><strong>ctatur,</strong></span> <span class='ocrx_word' id='word_1_25' title='bbox 637 751 866 824; x_wconf 87' lang='lat' dir='ltr'><strong>quum</strong></span> <span class='ocrx_word' id='word_1_26' title='bbox 897 751 940 796; x_wconf 86' lang='lat' dir='ltr'><strong>a</strong></span> <span class='ocrx_word' id='word_1_27' title='bbox 972 749 1320 823; x_wconf 85' lang='lat' dir='ltr'><strong>persona,</strong></span> <span class='ocrx_word' id='word_1_28' title='bbox 1351 739 1480 796; x_wconf 86' lang='lat' dir='ltr'><strong>aut</strong></span> <span class='ocrx_word' id='word_1_29' title='bbox 1521 749 1562 795; x_wconf 88' lang='lat' dir='ltr'>a</span> <span class='ocrx_word' id='word_1_30' title='bbox 1605 724 1809 812; x_wconf 89' lang='lat' dir='ltr'><strong>loc0,</strong></span> <span class='ocrx_word' id='word_1_31' title='bbox 1852 736 1979 793; x_wconf 85' lang='lat' dir='ltr'><strong>aut</strong></span> <span class='ocrx_word' id='word_1_32' title='bbox 2011 745 2053 794; x_wconf 86' lang='lat' dir='ltr'><strong>a</strong></span> <span class='ocrx_word' id='word_1_33' title='bbox 2092 745 2171 792; x_wconf 89' lang='lat' dir='ltr'><strong>re</strong></span> <span class='ocrx_word' id='word_1_34' title='bbox 2210 719 2447 819; x_wconf 86' lang='lat' dir='ltr'><strong>aliqua</strong></span> <span class='ocrx_word' id='word_1_35' title='bbox 2473 775 2493 806; x_wconf 84' lang='lat'><strong>,</strong></span> 
     </span>
     <span class='ocr_line' id='line_1_5' title="bbox 349 831 2497 933; baseline -0.002 -25"><span class='ocrx_word' id='word_1_36' title='bbox 349 836 748 908; x_wconf 86' lang='lat' dir='ltr'><strong>similitudo</strong></span> <span class='ocrx_word' id='word_1_37' title='bbox 770 891 791 923; x_wconf 90' lang='lat'><strong>,</strong></span> <span class='ocrx_word' id='word_1_38' title='bbox 813 834 1124 933; x_wconf 84' lang='lat' dir='ltr'><strong>augendi</strong></span> <span class='ocrx_word' id='word_1_39' title='bbox 1143 851 1269 907; x_wconf 88' lang='lat' dir='ltr'><strong>aut</strong></span> <span class='ocrx_word' id='word_1_40' title='bbox 1299 833 1686 906; x_wconf 86' lang='lat' dir='ltr'><strong>minuendi</strong></span> <span class='ocrx_word' id='word_1_41' title='bbox 1718 857 1967 919; x_wconf 83' lang='lat' dir='ltr'><strong>causa,</strong></span> <span class='ocrx_word' id='word_1_42' title='bbox 2002 831 2497 903; x_wconf 66' lang='lat' dir='ltr'><strong>duciturzaUt</strong></span> 
     </span>
     <span class='ocr_line' id='line_1_6' title="bbox 351 941 2493 1045; baseline -0.003 -27"><span class='ocrx_word' id='word_1_43' title='bbox 351 949 408 1018; x_wconf 87' lang='lat' dir='ltr'><strong>si</strong></span> <span class='ocrx_word' id='word_1_44' title='bbox 443 947 610 1045; x_wconf 87' lang='lat' dir='ltr'><strong>quis</strong></span> <span class='ocrx_word' id='word_1_45' title='bbox 645 950 962 1018; x_wconf 81' lang='lat' dir='ltr'><strong>Drusum</strong></span> <span class='ocrx_word' id='word_1_46' title='bbox 981 1001 1002 1036; x_wconf 92' lang='lat'><strong>,</strong></span> <span class='ocrx_word' id='word_1_47' title='bbox 1039 945 1452 1018; x_wconf 80' lang='lat' dir='ltr'><strong>Gracchum</strong></span> <span class='ocrx_word' id='word_1_48' title='bbox 1477 999 1499 1032; x_wconf 90' lang='lat'><strong>,</strong></span> <span class='ocrx_word' id='word_1_49' title='bbox 1533 945 1994 1017; x_wconf 81' lang='lat' dir='ltr'><strong>Numitorem</strong></span> <span class='ocrx_word' id='word_1_50' title='bbox 2033 941 2493 1013; x_wconf 84' lang='lat' dir='ltr'><strong>obsoletum9</strong></span> 
     </span>
     <span class='ocr_line' id='line_1_7' title="bbox 351 1051 2493 1150; baseline -0.003 -22"><span class='ocrx_word' id='word_1_51' title='bbox 351 1056 542 1128; x_wconf 85' lang='lat' dir='ltr'><strong>dicat</strong></span> <span class='ocrx_word' id='word_1_52' title='bbox 561 1089 614 1126; x_wconf 71' lang='lat' dir='ltr'><strong>n.</strong></span> <span class='ocrx_word' id='word_1_53' title='bbox 662 1063 772 1128; x_wconf 82' lang='lat' dir='ltr'><strong>Ex</strong></span> <span class='ocrx_word' id='word_1_54' title='bbox 813 1061 1176 1131; x_wconf 78' lang='lat' dir='ltr'><strong>contrario</strong></span> <span class='ocrx_word' id='word_1_55' title='bbox 1217 1056 1512 1128; x_wconf 87' lang='lat' dir='ltr'><strong>ducitur</strong></span> <span class='ocrx_word' id='word_1_56' title='bbox 1546 1056 1649 1126; x_wconf 89' lang='lat' dir='ltr'><strong>sic</strong></span> <span class='ocrx_word' id='word_1_57' title='bbox 1682 1082 1699 1123; x_wconf 76' lang='grc' dir='ltr'><strong><em>ε</em></strong></span> <span class='ocrx_word' id='word_1_58' title='bbox 1738 1084 1773 1118; x_wconf 89' lang='lat'>«</span> <span class='ocrx_word' id='word_1_59' title='bbox 1800 1057 1899 1126; x_wconf 87' lang='lat' dir='ltr'><strong>Ut</strong></span> <span class='ocrx_word' id='word_1_60' title='bbox 1944 1055 2003 1124; x_wconf 91' lang='lat' dir='ltr'><strong>si</strong></span> <span class='ocrx_word' id='word_1_61' title='bbox 2045 1053 2210 1150; x_wconf 89' lang='lat' dir='ltr'><strong>quis</strong></span> <span class='ocrx_word' id='word_1_62' title='bbox 2254 1051 2493 1122; x_wconf 85' lang='lat' dir='ltr'><strong>homi·</strong></span> 
     </span>
     <span class='ocr_line' id='line_1_8' title="bbox 351 1163 2497 1265; baseline -0.003 -26"><span class='ocrx_word' id='word_1_63' title='bbox 351 1193 518 1239; x_wconf 86' lang='lat' dir='ltr'><strong>nem</strong></span> <span class='ocrx_word' id='word_1_64' title='bbox 579 1168 960 1265; x_wconf 84' lang='lat' dir='ltr'><strong>prodigum</strong></span> <span class='ocrx_word' id='word_1_65' title='bbox 1021 1182 1096 1239; x_wconf 91' lang='lat' dir='ltr'><strong>et</strong></span> <span class='ocrx_word' id='word_1_66' title='bbox 1163 1169 1609 1238; x_wconf 81' lang='lat' dir='ltr'><strong>luxuriosum</strong></span> <span class='ocrx_word' id='word_1_67' title='bbox 1665 1163 1977 1236; x_wconf 90' lang='lat' dir='ltr'><strong>illudens</strong></span> <span class='ocrx_word' id='word_1_68' title='bbox 2002 1217 2023 1250; x_wconf 96' lang='lat'><strong>,</strong></span> <span class='ocrx_word' id='word_1_69' title='bbox 2076 1185 2375 1261; x_wconf 87' lang='lat' dir='ltr'><strong>parcum</strong></span> <span class='ocrx_word' id='word_1_70' title='bbox 2424 1176 2497 1232; x_wconf 89' lang='lat' dir='ltr'><strong>et</strong></span> 
     </span>
     <span class='ocr_line' id='line_1_9' title="bbox 351 1272 2493 1376; baseline -0.003 -27"><span class='ocrx_word' id='word_1_71' title='bbox 351 1278 764 1376; x_wconf 84' lang='lat' dir='ltr'><strong>diligentem</strong></span> <span class='ocrx_word' id='word_1_72' title='bbox 807 1277 1125 1376; x_wconf 86' lang='lat' dir='ltr'><strong>appellet</strong></span> <span class='ocrx_word' id='word_1_73' title='bbox 1149 1309 1216 1352; x_wconf 63' lang='lat'><strong>2³.</strong></span> <span class='ocrx_word' id='word_1_74' title='bbox 1279 1281 1368 1348; x_wconf 85' lang='lat' dir='ltr'><strong>Et</strong></span> <span class='ocrx_word' id='word_1_75' title='bbox 1405 1278 1480 1349; x_wconf 89' lang='lat' dir='ltr'><strong>in</strong></span> <span class='ocrx_word' id='word_1_76' title='bbox 1522 1275 1667 1347; x_wconf 87' lang='lat' dir='ltr'><strong>hoc</strong></span> <span class='ocrx_word' id='word_1_77' title='bbox 1702 1288 2108 1373; x_wconf 79' lang='lat' dir='ltr'><strong>postremO,</strong></span> <span class='ocrx_word' id='word_1_78' title='bbox 2158 1272 2359 1371; x_wconf 86' lang='lat' dir='ltr'><strong>quod</strong></span> <span class='ocrx_word' id='word_1_79' title='bbox 2402 1297 2493 1344; x_wconf 81' lang='lat' dir='ltr'><strong>ex</strong></span> 
     </span>
     <span class='ocr_line' id='line_1_10' title="bbox 353 1382 2491 1485; baseline -0.002 -26"><span class='ocrx_word' id='word_1_80' title='bbox 353 1390 716 1460; x_wconf 87' lang='lat' dir='ltr'><strong>contrario</strong></span> <span class='ocrx_word' id='word_1_81' title='bbox 753 1389 1093 1460; x_wconf 88' lang='lat' dir='ltr'><strong>sumitur:</strong></span> <span class='ocrx_word' id='word_1_82' title='bbox 1132 1403 1202 1460; x_wconf 91' lang='lat' dir='ltr'><strong>et</strong></span> <span class='ocrx_word' id='word_1_83' title='bbox 1249 1389 1324 1458; x_wconf 90' lang='lat' dir='ltr'><strong>in</strong></span> <span class='ocrx_word' id='word_1_84' title='bbox 1359 1387 1484 1458; x_wconf 89' lang='lat' dir='ltr'><strong>illo</strong></span> <span class='ocrx_word' id='word_1_85' title='bbox 1527 1388 1801 1485; x_wconf 86' lang='lat' dir='ltr'><strong>prim0,</strong></span> <span class='ocrx_word' id='word_1_86' title='bbox 1838 1383 2041 1481; x_wconf 91' lang='lat' dir='ltr'><strong>quod</strong></span> <span class='ocrx_word' id='word_1_87' title='bbox 2084 1407 2125 1454; x_wconf 83' lang='lat' dir='ltr'><strong>a</strong></span> <span class='ocrx_word' id='word_1_88' title='bbox 2160 1382 2491 1454; x_wconf 88' lang='lat' dir='ltr'><strong>similitu·</strong></span> 
     </span>
     <span class='ocr_line' id='line_1_11' title="bbox 353 1495 2499 1596; baseline -0.002 -28"><span class='ocrx_word' id='word_1_89' title='bbox 353 1496 525 1572; x_wconf 90' lang='lat' dir='ltr'><strong>dine</strong></span> <span class='ocrx_word' id='word_1_90' title='bbox 561 1499 882 1588; x_wconf 87' lang='lat' dir='ltr'><strong>ducitur,</strong></span> <span class='ocrx_word' id='word_1_91' title='bbox 928 1523 1059 1596; x_wconf 87' lang='lat' dir='ltr'><strong>per</strong></span> <span class='ocrx_word' id='word_1_92' title='bbox 1095 1497 1641 1568; x_wconf 80' lang='lat' dir='ltr'><strong>translationem</strong></span> <span class='ocrx_word' id='word_1_93' title='bbox 1684 1505 2193 1592; x_wconf 87' lang='lat' dir='ltr'><strong>argumento¹⁰</strong></span> <span class='ocrx_word' id='word_1_94' title='bbox 2232 1495 2499 1592; x_wconf 89' lang='lat' dir='ltr'><strong>poteri-</strong></span> 
     </span>
     <span class='ocr_line' id='line_1_12' title="bbox 356 1604 2493 1697; baseline -0.002 -19"><span class='ocrx_word' id='word_1_95' title='bbox 356 1633 518 1680; x_wconf 88' lang='lat' dir='ltr'><strong>mus</strong></span> <span class='ocrx_word' id='word_1_96' title='bbox 566 1611 690 1680; x_wconf 85' lang='lat' dir='ltr'><strong>uti.</strong></span> <span class='ocrx_word' id='word_1_97' title='bbox 738 1615 874 1682; x_wconf 90' lang='lat' dir='ltr'><strong>Per</strong></span> <span class='ocrx_word' id='word_1_98' title='bbox 909 1608 1487 1693; x_wconf 85' lang='lat' dir='ltr'><strong>similitudinem,</strong></span> <span class='ocrx_word' id='word_1_99' title='bbox 1520 1610 1673 1678; x_wconf 85' lang='lat' dir='ltr'><strong>sic:</strong></span> <span class='ocrx_word' id='word_1_100' title='bbox 1724 1604 1967 1697; x_wconf 77' lang='lat' dir='ltr'><strong>«Quid</strong></span> <span class='ocrx_word' id='word_1_101' title='bbox 2010 1608 2113 1677; x_wconf 84' lang='lat' dir='ltr'><strong>ait</strong></span> <span class='ocrx_word' id='word_1_102' title='bbox 2162 1605 2281 1676; x_wconf 91' lang='lat' dir='ltr'><strong>hic</strong></span> <span class='ocrx_word' id='word_1_103' title='bbox 2327 1629 2493 1689; x_wconf 86' lang='lat' dir='ltr'><strong>rex,</strong></span> 
     </span>
     <span class='ocr_line' id='line_1_13' title="bbox 355 1714 2497 1817; baseline -0.003 -27"><span class='ocrx_word' id='word_1_104' title='bbox 355 1735 570 1816; x_wconf 82' lang='lat' dir='ltr'><strong>atque</strong></span> <span class='ocrx_word' id='word_1_105' title='bbox 601 1725 1102 1817; x_wconf 84' lang='lat' dir='ltr'><strong>Agamemnon</strong></span> <span class='ocrx_word' id='word_1_106' title='bbox 1137 1733 1410 1805; x_wconf 89' lang='lat' dir='ltr'><strong>noster,</strong></span> <span class='ocrx_word' id='word_1_107' title='bbox 1445 1721 1623 1802; x_wconf 89' lang='lat' dir='ltr'><strong>sive,</strong></span> <span class='ocrx_word' id='word_1_108' title='bbox 1656 1730 1741 1786; x_wconf 86' lang='lat' dir='ltr'><strong>ut</strong></span> <span class='ocrx_word' id='word_1_109' title='bbox 1776 1714 2161 1787; x_wconf 88' lang='lat' dir='ltr'><strong>crudelitas</strong></span> <span class='ocrx_word' id='word_1_110' title='bbox 2198 1729 2337 1802; x_wconf 90' lang='lat' dir='ltr'><strong>est,</strong></span> <span class='ocrx_word' id='word_1_111' title='bbox 2366 1737 2497 1812; x_wconf 84' lang='lat' dir='ltr'><strong>po-</strong></span> 
     </span>
     <span class='ocr_line' id='line_1_14' title="bbox 354 1827 2497 1923; baseline -0.004 -21"><span class='ocrx_word' id='word_1_112' title='bbox 354 1832 496 1904; x_wconf 88' lang='lat' dir='ltr'><strong>tius</strong></span> <span class='ocrx_word' id='word_1_113' title='bbox 557 1831 872 1902; x_wconf 80' lang='lat' dir='ltr'><strong>Atreus?</strong></span> <span class='ocrx_word' id='word_1_114' title='bbox 916 1860 949 1896; x_wconf 79' lang='lat'><strong>»</strong></span> <span class='ocrx_word' id='word_1_115' title='bbox 1003 1833 1106 1900; x_wconf 86' lang='lat' dir='ltr'><strong>Ex</strong></span> <span class='ocrx_word' id='word_1_116' title='bbox 1154 1830 1574 1905; x_wconf 84' lang='lat' dir='ltr'><strong>contrario:</strong></span> <span class='ocrx_word' id='word_1_117' title='bbox 1640 1857 1674 1892; x_wconf 76' lang='grc' dir='ltr'><strong>κ</strong></span> <span class='ocrx_word' id='word_1_118' title='bbox 1708 1827 1781 1898; x_wconf 92' lang='lat' dir='ltr'><strong>Si</strong></span> <span class='ocrx_word' id='word_1_119' title='bbox 1842 1850 2063 1923; x_wconf 91' lang='lat' dir='ltr'><strong>quem</strong></span> <span class='ocrx_word' id='word_1_120' title='bbox 2131 1827 2437 1922; x_wconf 84' lang='lat' dir='ltr'><strong>impium</strong></span> <span class='ocrx_word' id='word_1_121' title='bbox 2478 1879 2497 1908; x_wconf 89' lang='lat'><strong>,</strong></span> 
     </span>
     <span class='ocr_line' id='line_1_15' title="bbox 356 1936 2491 2038; baseline -0.003 -26"><span class='ocrx_word' id='word_1_122' title='bbox 356 1941 482 2038; x_wconf 93' lang='lat' dir='ltr'><strong>qui</strong></span> <span class='ocrx_word' id='word_1_123' title='bbox 518 1956 796 2038; x_wconf 85' lang='lat' dir='ltr'><strong>patrem</strong></span> <span class='ocrx_word' id='word_1_124' title='bbox 831 1939 1348 2024; x_wconf 83' lang='lat' dir='ltr'><strong>verberaverit,</strong></span> <span class='ocrx_word' id='word_1_125' title='bbox 1385 1941 1680 2008; x_wconf 89' lang='lat' dir='ltr'><strong>AEneam</strong></span> <span class='ocrx_word' id='word_1_126' title='bbox 1716 1960 2095 2023; x_wconf 85' lang='lat' dir='ltr'><strong>vocemus;</strong></span> <span class='ocrx_word' id='word_1_127' title='bbox 2134 1936 2491 2033; x_wconf 88' lang='lat' dir='ltr'><strong>intempe-</strong></span> 
     </span>
     <span class='ocr_line' id='line_1_16' title="bbox 356 2044 2495 2144; baseline -0.003 -22"><span class='ocrx_word' id='word_1_128' title='bbox 356 2065 634 2122; x_wconf 87' lang='lat' dir='ltr'><strong>rantem</strong></span> <span class='ocrx_word' id='word_1_129' title='bbox 671 2064 743 2122; x_wconf 86' lang='lat' dir='ltr'><strong>et</strong></span> <span class='ocrx_word' id='word_1_130' title='bbox 765 2049 1176 2120; x_wconf 79' lang='lat' dir='ltr'><strong>adulterum</strong></span> <span class='ocrx_word' id='word_1_131' title='bbox 1198 2101 1218 2138; x_wconf 95' lang='lat'><strong>,</strong></span> <span class='ocrx_word' id='word_1_132' title='bbox 1244 2046 1721 2144; x_wconf 87' lang='lat' dir='ltr'><strong>Hippolytum</strong></span> <span class='ocrx_word' id='word_1_133' title='bbox 1758 2044 2223 2116; x_wconf 86' lang='lat' dir='ltr'><strong>nominemus</strong></span> <span class='ocrx_word' id='word_1_134' title='bbox 2244 2074 2299 2112; x_wconf 86' lang='lat'><strong>».</strong></span> <span class='ocrx_word' id='word_1_135' title='bbox 2328 2049 2495 2116; x_wconf 82' lang='lat' dir='ltr'><strong>Haec</strong></span> 
     </span>
    </p>
   </div>
   <div class='ocr_carea' id='block_1_3' title="bbox 297 2297 2504 2525">
    <p class='ocr_par' dir='ltr' id='par_1_3' title="bbox 297 2297 2504 2525">
     <span class='ocr_line' id='line_1_17' title="bbox 427 2297 2497 2366; baseline -0 -17"><span class='ocrx_word' id='word_1_136' title='bbox 427 2301 479 2349; x_wconf 82' lang='lat'><strong>6.</strong></span> <span class='ocrx_word' id='word_1_137' title='bbox 507 2302 812 2366; x_wconf 67' lang='lat' dir='ltr'><strong>Fungentur.</strong></span> <span class='ocrx_word' id='word_1_138' title='bbox 837 2301 918 2350; x_wconf 79' lang='lat' dir='ltr'><strong>Sic</strong></span> <span class='ocrx_word' id='word_1_139' title='bbox 937 2303 1176 2351; x_wconf 81' lang='lat' dir='ltr'><strong>Gruterus</strong></span> <span class='ocrx_word' id='word_1_140' title='bbox 1205 2318 1233 2351; x_wconf 91' lang='lat' dir='ltr'><strong>e</strong></span> <span class='ocrx_word' id='word_1_141' title='bbox 1263 2302 1380 2351; x_wconf 84' lang='lat' dir='ltr'><strong>duo-</strong></span> <span class='ocrx_word' id='word_1_142' title='bbox 1465 2299 1587 2349; x_wconf 83' lang='lat' dir='ltr'><strong>loris</strong></span> <span class='ocrx_word' id='word_1_143' title='bbox 1609 2297 1749 2365; x_wconf 80' lang='lat' dir='ltr'><strong>(vid.</strong></span> <span class='ocrx_word' id='word_1_144' title='bbox 1774 2299 1930 2362; x_wconf 82' lang='lat' dir='ltr'><strong>Clav.)</strong></span> <span class='ocrx_word' id='word_1_145' title='bbox 1954 2300 2007 2348; x_wconf 83' lang='lat' dir='ltr'><strong>in</strong></span> <span class='ocrx_word' id='word_1_146' title='bbox 2029 2299 2191 2349; x_wconf 62' lang='grc' dir='ltr'><strong>(ἂι-εν.</strong></span> <span class='ocrx_word' id='word_1_147' title='bbox 2222 2315 2271 2347; x_wconf 83' lang='lat' dir='ltr'><strong>v.</strong></span> <span class='ocrx_word' id='word_1_148' title='bbox 2300 2297 2497 2357; x_wconf 70' lang='grc' dir='ltr'><strong>εὐνιπίς.</strong></span> 
     </span>
     <span class='ocr_line' id='line_1_18' title="bbox 359 2378 2501 2445; baseline -0 -16"><span class='ocrx_word' id='word_1_149' title='bbox 359 2380 448 2429; x_wconf 80' lang='lat' dir='ltr'><strong>bus</strong></span> <span class='ocrx_word' id='word_1_150' title='bbox 483 2381 627 2429; x_wconf 78' lang='lat' dir='ltr'><strong>MSS.</strong></span> <span class='ocrx_word' id='word_1_151' title='bbox 677 2380 876 2429; x_wconf 80' lang='lat' dir='ltr'><strong>Invenit</strong></span> <span class='ocrx_word' id='word_1_152' title='bbox 909 2382 962 2428; x_wconf 85' lang='lat' dir='ltr'><strong>in</strong></span> <span class='ocrx_word' id='word_1_153' title='bbox 995 2381 1132 2439; x_wconf 80' lang='lat' dir='ltr'><strong>aliis,</strong></span> <span class='ocrx_word' id='word_1_154' title='bbox 1166 2404 1191 2423; x_wconf 80' lang='lat'><strong>«-</strong></span> <span class='ocrx_word' id='word_1_155' title='bbox 1212 2382 1380 2445; x_wconf 80' lang='lat' dir='ltr'><strong>funge·</strong></span> <span class='ocrx_word' id='word_1_156' title='bbox 1469 2380 1583 2427; x_wconf 83' lang='lat' dir='ltr'><strong>Hoc</strong></span> <span class='ocrx_word' id='word_1_157' title='bbox 1612 2378 1737 2427; x_wconf 88' lang='lat' dir='ltr'><strong>bene</strong></span> <span class='ocrx_word' id='word_1_158' title='bbox 1763 2380 1995 2427; x_wconf 80' lang='lat' dir='ltr'><strong>convenit</strong></span> <span class='ocrx_word' id='word_1_159' title='bbox 2018 2378 2137 2441; x_wconf 79' lang='lat' dir='ltr'><strong>illis,</strong></span> <span class='ocrx_word' id='word_1_160' title='bbox 2158 2394 2371 2443; x_wconf 86' lang='lat' dir='ltr'><strong>quorum</strong></span> <span class='ocrx_word' id='word_1_161' title='bbox 2392 2380 2501 2442; x_wconf 74' lang='lat' dir='ltr'><strong>glo-</strong></span> 
     </span>
     <span class='ocr_line' id='line_1_19' title="bbox 297 2457 2504 2525; baseline -0 -18"><span class='ocrx_word' id='word_1_162' title='bbox 297 2496 300 2499; x_wconf 74' lang='lat'><strong>.</strong></span> <span class='ocrx_word' id='word_1_163' title='bbox 359 2470 539 2517; x_wconf 80' lang='lat' dir='ltr'><strong>rentur,</strong></span> <span class='ocrx_word' id='word_1_164' title='bbox 567 2459 834 2523; x_wconf 71' lang='lat' dir='ltr'><strong>Iungentur</strong></span> <span class='ocrx_word' id='word_1_165' title='bbox 845 2482 886 2507; x_wconf 71' lang='lat' dir='ltr'><strong>n.</strong></span> <span class='ocrx_word' id='word_1_166' title='bbox 915 2460 1229 2524; x_wconf 76' lang='lat' dir='ltr'><strong>Editi‘prius,</strong></span> <span class='ocrx_word' id='word_1_167' title='bbox 1243 2458 1380 2525; x_wconf 75' lang='lat' dir='ltr'><strong>fien-</strong></span> <span class='ocrx_word' id='word_1_168' title='bbox 1472 2459 1542 2506; x_wconf 83' lang='lat' dir='ltr'><strong>ria</strong></span> <span class='ocrx_word' id='word_1_169' title='bbox 1576 2457 1915 2517; x_wconf 71' lang='lat' dir='ltr'><strong>obsoleverat,</strong></span> <span class='ocrx_word' id='word_1_170' title='bbox 1957 2458 2045 2507; x_wconf 85' lang='lat' dir='ltr'><strong>sed</strong></span> <span class='ocrx_word' id='word_1_171' title='bbox 2084 2470 2243 2506; x_wconf 79' lang='lat' dir='ltr'><strong>tamen</strong></span> <span class='ocrx_word' id='word_1_172' title='bbox 2278 2474 2381 2505; x_wconf 86' lang='lat' dir='ltr'><strong>non</strong></span> <span class='ocrx_word' id='word_1_173' title='bbox 2416 2473 2504 2506; x_wconf 86' lang='lat' dir='ltr'><strong>ex·</strong></span> 
     </span>
    </p>
   </div>
   <div class='ocr_carea' id='block_1_4' title="bbox 351 2549 1382 3308">
    <p class='ocr_par' dir='ltr' id='par_1_4' title="bbox 351 2549 548 2601">
     <span class='ocr_line' id='line_1_20' title="bbox 351 2549 548 2601; baseline 0.005 -17"><span class='ocrx_word' id='word_1_174' title='bbox 351 2549 548 2601; x_wconf 74' lang='lat' dir='ltr'><strong>gantur.</strong></span> 
     </span>
    </p>

    <p class='ocr_par' dir='ltr' id='par_1_5' title="bbox 354 2615 1380 2919">
     <span class='ocr_line' id='line_1_21' title="bbox 427 2615 1380 2683; baseline 0.001 -16"><span class='ocrx_word' id='word_1_175' title='bbox 427 2630 480 2677; x_wconf 82' lang='lat'><strong>7.</strong></span> <span class='ocrx_word' id='word_1_176' title='bbox 512 2616 602 2665; x_wconf 76' lang='lat' dir='ltr'><strong>Cui</strong></span> <span class='ocrx_word' id='word_1_177' title='bbox 631 2615 867 2681; x_wconf 70' lang='lat' dir='ltr'><strong>pra-sidio</strong></span> <span class='ocrx_word' id='word_1_178' title='bbox 898 2633 1058 2683; x_wconf 77' lang='lat' dir='ltr'><strong>pecua</strong></span> <span class='ocrx_word' id='word_1_179' title='bbox 1091 2618 1380 2667; x_wconf 66' lang='lat' dir='ltr'><strong>credemus?</strong></span> 
     </span>
     <span class='ocr_line' id='line_1_22' title="bbox 357 2695 1380 2760; baseline 0.004 -17"><span class='ocrx_word' id='word_1_180' title='bbox 357 2695 484 2744; x_wconf 80' lang='lat' dir='ltr'><strong>Mss</strong></span> <span class='ocrx_word' id='word_1_181' title='bbox 507 2696 676 2760; x_wconf 85' lang='lat' dir='ltr'><strong>plures</strong></span> <span class='ocrx_word' id='word_1_182' title='bbox 702 2708 753 2745; x_wconf 87' lang='lat' dir='ltr'><strong>et</strong></span> <span class='ocrx_word' id='word_1_183' title='bbox 783 2696 898 2745; x_wconf 74' lang='lat' dir='ltr'><strong>edd.</strong></span> <span class='ocrx_word' id='word_1_184' title='bbox 938 2698 1103 2760; x_wconf 85' lang='lat' dir='ltr'><strong>plures</strong></span> <span class='ocrx_word' id='word_1_185' title='bbox 1140 2719 1166 2739; x_wconf 70' lang='grc' dir='ltr'><strong><em>κ</em></strong></span> <span class='ocrx_word' id='word_1_186' title='bbox 1187 2700 1380 2747; x_wconf 84' lang='lat' dir='ltr'><strong>cuinam</strong></span> 
     </span>
     <span class='ocr_line' id='line_1_23' title="bbox 357 2774 1378 2839; baseline 0.005 -17"><span class='ocrx_word' id='word_1_187' title='bbox 357 2789 434 2837; x_wconf 81' lang='lat' dir='ltr'><strong>pr.</strong></span> <span class='ocrx_word' id='word_1_188' title='bbox 449 2796 475 2817; x_wconf 73' lang='grc' dir='ltr'><strong><em>ι</em></strong></span> <span class='ocrx_word' id='word_1_189' title='bbox 503 2774 642 2838; x_wconf 85' lang='lat' dir='ltr'><strong>quod</strong></span> <span class='ocrx_word' id='word_1_190' title='bbox 665 2775 827 2839; x_wconf 82' lang='lat' dir='ltr'><strong>placet</strong></span> <span class='ocrx_word' id='word_1_191' title='bbox 851 2776 1081 2826; x_wconf 83' lang='lat' dir='ltr'><strong>Oudeud.</strong></span> <span class='ocrx_word' id='word_1_192' title='bbox 1109 2777 1207 2825; x_wconf 84' lang='lat' dir='ltr'><strong>Sed</strong></span> <span class='ocrx_word' id='word_1_193' title='bbox 1233 2779 1378 2829; x_wconf 82' lang='lat' dir='ltr'><strong>etiam</strong></span> 
     </span>
     <span class='ocr_line' id='line_1_24' title="bbox 354 2852 1302 2919; baseline 0.006 -18"><span class='ocrx_word' id='word_1_194' title='bbox 354 2852 586 2916; x_wconf 69' lang='lat' dir='ltr'><strong>presidio</strong></span> <span class='ocrx_word' id='word_1_195' title='bbox 605 2855 724 2903; x_wconf 87' lang='lat' dir='ltr'><strong>mihi</strong></span> <span class='ocrx_word' id='word_1_196' title='bbox 745 2855 916 2919; x_wconf 80' lang='lat' dir='ltr'><strong>frigere</strong></span> <span class='ocrx_word' id='word_1_197' title='bbox 935 2855 1146 2907; x_wconf 77' lang='lat' dir='ltr'><strong>videtur.</strong></span> <span class='ocrx_word' id='word_1_198' title='bbox 1167 2856 1302 2907; x_wconf 72' lang='lat' dir='ltr'><strong>Eun.</strong></span> 
     </span>
    </p>

    <p class='ocr_par' dir='ltr' id='par_1_6' title="bbox 357 2932 1380 3157">
     <span class='ocr_line' id='line_1_25' title="bbox 428 2932 1378 2997; baseline 0.004 -18"><span class='ocrx_word' id='word_1_199' title='bbox 428 2932 480 2979; x_wconf 87' lang='lat'><strong>8.</strong></span> <span class='ocrx_word' id='word_1_200' title='bbox 500 2935 872 2997; x_wconf 72' lang='lat' dir='ltr'><strong>Argumentum.</strong></span> <span class='ocrx_word' id='word_1_201' title='bbox 901 2934 961 2982; x_wconf 87' lang='lat' dir='ltr'><strong>Id</strong></span> <span class='ocrx_word' id='word_1_202' title='bbox 988 2946 1064 2983; x_wconf 73' lang='lat' dir='ltr'><strong>est</strong></span> <span class='ocrx_word' id='word_1_203' title='bbox 1085 2968 1102 2995; x_wconf 88' lang='lat'><strong>,</strong></span> <span class='ocrx_word' id='word_1_204' title='bbox 1143 2934 1378 2983; x_wconf 76' lang='lat' dir='ltr'><strong>iudicium</strong></span> 
     </span>
     <span class='ocr_line' id='line_1_26' title="bbox 359 3011 1380 3078; baseline 0.004 -19"><span class='ocrx_word' id='word_1_205' title='bbox 359 3026 457 3075; x_wconf 84' lang='lat' dir='ltr'><strong>quo</strong></span> <span class='ocrx_word' id='word_1_206' title='bbox 476 3012 698 3075; x_wconf 76' lang='lat' dir='ltr'><strong>arguitur</strong></span> <span class='ocrx_word' id='word_1_207' title='bbox 711 3048 726 3074; x_wconf 90' lang='lat'><strong>‚</strong></span> <span class='ocrx_word' id='word_1_208' title='bbox 757 3011 1154 3078; x_wconf 74' lang='lat' dir='ltr'><strong>significaturque</strong></span> <span class='ocrx_word' id='word_1_209' title='bbox 1173 3013 1227 3061; x_wconf 84' lang='lat' dir='ltr'><strong>id</strong></span> <span class='ocrx_word' id='word_1_210' title='bbox 1245 3014 1380 3077; x_wconf 87' lang='lat' dir='ltr'><strong>quod</strong></span> 
     </span>
     <span class='ocr_line' id='line_1_27' title="bbox 357 3090 1061 3157; baseline 0.01 -23"><span class='ocrx_word' id='word_1_211' title='bbox 357 3090 612 3149; x_wconf 76' lang='lat' dir='ltr'><strong>volumus,</strong></span> <span class='ocrx_word' id='word_1_212' title='bbox 632 3107 739 3139; x_wconf 84' lang='lat' dir='ltr'><strong>nou</strong></span> <span class='ocrx_word' id='word_1_213' title='bbox 758 3093 1061 3157; x_wconf 76' lang='lat' dir='ltr'><strong>exprimitur.</strong></span> 
     </span>
    </p>

    <p class='ocr_par' dir='ltr' id='par_1_7' title="bbox 360 3169 1382 3308">
     <span class='ocr_line' id='line_1_28' title="bbox 426 3169 1382 3233; baseline 0.003 -15"><span class='ocrx_word' id='word_1_214' title='bbox 426 3185 475 3233; x_wconf 87' lang='lat'><strong>9.</strong></span> <span class='ocrx_word' id='word_1_215' title='bbox 509 3169 815 3233; x_wconf 70' lang='lat' dir='ltr'><strong>Gracchum,</strong></span> <span class='ocrx_word' id='word_1_216' title='bbox 854 3170 1158 3220; x_wconf 76' lang='lat' dir='ltr'><strong>Numitorem</strong></span> <span class='ocrx_word' id='word_1_217' title='bbox 1189 3174 1382 3221; x_wconf 79' lang='lat' dir='ltr'><strong>obsole-</strong></span> 
     </span>
     <span class='ocr_line' id='line_1_29' title="bbox 360 3250 1380 3308; baseline 0.004 -13"><span class='ocrx_word' id='word_1_218' title='bbox 360 3260 476 3298; x_wconf 78' lang='lat' dir='ltr'><strong>tum.</strong></span> <span class='ocrx_word' id='word_1_219' title='bbox 497 3250 764 3307; x_wconf 81' lang='lat' dir='ltr'><strong>Gruterus,</strong></span> <span class='ocrx_word' id='word_1_220' title='bbox 790 3272 817 3291; x_wconf 71' lang='grc' dir='ltr'><strong>α</strong></span> <span class='ocrx_word' id='word_1_221' title='bbox 835 3251 1112 3305; x_wconf 73' lang='lat' dir='ltr'><strong>Gracchum</strong></span> <span class='ocrx_word' id='word_1_222' title='bbox 1127 3284 1142 3308; x_wconf 85' lang='lat'><strong>,</strong></span> <span class='ocrx_word' id='word_1_223' title='bbox 1166 3254 1380 3301; x_wconf 84' lang='lat' dir='ltr'><strong>nitorem</strong></span> 
     </span>
    </p>
   </div>
   <div class='ocr_carea' id='block_1_5' title="bbox 241 3326 1380 3393">
    <p class='ocr_par' dir='ltr' id='par_1_8' title="bbox 241 3326 1380 3393">
     <span class='ocr_line' id='line_1_30' title="bbox 241 3326 1380 3393; baseline 0.007 -21"><span class='ocrx_word' id='word_1_224' title='bbox 241 3374 252 3388; x_wconf 31' lang='lat'>⁸</span> <span class='ocrx_word' id='word_1_225' title='bbox 360 3326 632 3375; x_wconf 79' lang='lat' dir='ltr'><strong>obsoletum</strong></span> <span class='ocrx_word' id='word_1_226' title='bbox 649 3349 672 3371; x_wconf 72' lang='grc' dir='ltr'>ι</span> <span class='ocrx_word' id='word_1_227' title='bbox 687 3362 705 3389; x_wconf 84' lang='grc'><em>,</em></span> <span class='ocrx_word' id='word_1_228' title='bbox 730 3344 792 3376; x_wconf 83' lang='lat' dir='ltr'><strong>ex</strong></span> <span class='ocrx_word' id='word_1_229' title='bbox 827 3329 928 3377; x_wconf 82' lang='lat' dir='ltr'><strong>Pal.</strong></span> <span class='ocrx_word' id='word_1_230' title='bbox 950 3341 1130 3393; x_wconf 85' lang='lat' dir='ltr'><strong>quarto</strong></span> <span class='ocrx_word' id='word_1_231' title='bbox 1162 3341 1211 3378; x_wconf 83' lang='lat' dir='ltr'><strong>et</strong></span> <span class='ocrx_word' id='word_1_232' title='bbox 1235 3332 1380 3381; x_wconf 86' lang='lat' dir='ltr'><strong>Brui-</strong></span> 
     </span>
    </p>
   </div>
   <div class='ocr_carea' id='block_1_6' title="bbox 354 3405 1386 4183">
    <p class='ocr_par' dir='ltr' id='par_1_9' title="bbox 354 3405 1386 4183">
     <span class='ocr_line' id='line_1_31' title="bbox 355 3405 1378 3467; baseline 0.006 -16"><span class='ocrx_word' id='word_1_233' title='bbox 355 3405 546 3455; x_wconf 78' lang='lat' dir='ltr'><strong>lerensi.</strong></span> <span class='ocrx_word' id='word_1_234' title='bbox 567 3408 668 3455; x_wconf 84' lang='lat' dir='ltr'><strong>Pal.</strong></span> <span class='ocrx_word' id='word_1_235' title='bbox 691 3418 817 3456; x_wconf 80' lang='lat' dir='ltr'><strong>sext.</strong></span> <span class='ocrx_word' id='word_1_236' title='bbox 849 3406 1070 3459; x_wconf 62' lang='lat' dir='ltr'><strong>nitorem.</strong></span> <span class='ocrx_word' id='word_1_237' title='bbox 1090 3409 1348 3457; x_wconf 86' lang='lat' dir='ltr'><strong>Turnebus</strong></span> <span class='ocrx_word' id='word_1_238' title='bbox 1363 3443 1378 3467; x_wconf 90' lang='lat'><em>‚</em></span> 
     </span>
     <span class='ocr_line' id='line_1_32' title="bbox 354 3482 1381 3551; baseline 0.003 -19"><span class='ocrx_word' id='word_1_239' title='bbox 354 3482 446 3533; x_wconf 75' lang='lat' dir='ltr'><strong>lib.</strong></span> <span class='ocrx_word' id='word_1_240' title='bbox 469 3486 604 3544; x_wconf 70' lang='lat' dir='ltr'><strong>XX,</strong></span> <span class='ocrx_word' id='word_1_241' title='bbox 626 3502 736 3550; x_wconf 72' lang='lat' dir='ltr'><strong>cap.</strong></span> <span class='ocrx_word' id='word_1_242' title='bbox 761 3486 827 3535; x_wconf 76' lang='lat'><strong>25</strong></span> <span class='ocrx_word' id='word_1_243' title='bbox 842 3520 858 3543; x_wconf 91' lang='lat'>‚</span> <span class='ocrx_word' id='word_1_244' title='bbox 885 3485 1145 3551; x_wconf 80' lang='lat' dir='ltr'><strong>legendum</strong></span> <span class='ocrx_word' id='word_1_245' title='bbox 1172 3487 1381 3536; x_wconf 78' lang='lat' dir='ltr'><strong>eredidit</strong></span> 
     </span>
     <span class='ocr_line' id='line_1_33' title="bbox 355 3562 1380 3629; baseline 0.004 -19"><span class='ocrx_word' id='word_1_246' title='bbox 355 3584 382 3605; x_wconf 78' lang='grc' dir='ltr'><strong>σι</strong></span> <span class='ocrx_word' id='word_1_247' title='bbox 399 3565 788 3629; x_wconf 86' lang='lat' dir='ltr'><strong>munitoremque</strong></span> <span class='ocrx_word' id='word_1_248' title='bbox 809 3564 1086 3615; x_wconf 84' lang='lat' dir='ltr'><strong>obsoletum</strong></span> <span class='ocrx_word' id='word_1_249' title='bbox 1104 3588 1152 3617; x_wconf 70' lang='grc' dir='ltr'><strong>υ.</strong></span> <span class='ocrx_word' id='word_1_250' title='bbox 1174 3592 1240 3602; x_wconf 92' lang='grc'><strong>-</strong></span> <span class='ocrx_word' id='word_1_251' title='bbox 1261 3562 1380 3621; x_wconf 78' lang='lat' dir='ltr'><strong>Em.</strong></span> 
     </span>
     <span class='ocr_line' id='line_1_34' title="bbox 359 3641 1381 3709; baseline 0.002 -18"><span class='ocrx_word' id='word_1_252' title='bbox 359 3643 556 3691; x_wconf 87' lang='lat' dir='ltr'><strong>Gruteri</strong></span> <span class='ocrx_word' id='word_1_253' title='bbox 577 3641 836 3697; x_wconf 82' lang='lat' dir='ltr'><strong>lectionem</strong></span> <span class='ocrx_word' id='word_1_254' title='bbox 863 3656 1096 3709; x_wconf 82' lang='lat' dir='ltr'><strong>sequutus</strong></span> <span class='ocrx_word' id='word_1_255' title='bbox 1126 3656 1214 3695; x_wconf 80' lang='lat' dir='ltr'><strong>est.</strong></span> <span class='ocrx_word' id='word_1_256' title='bbox 1244 3646 1381 3694; x_wconf 79' lang='lat' dir='ltr'><strong>Groe-</strong></span> 
     </span>
     <span class='ocr_line' id='line_1_35' title="bbox 358 3721 1381 3787; baseline 0.004 -20"><span class='ocrx_word' id='word_1_257' title='bbox 358 3721 494 3779; x_wconf 78' lang='lat' dir='ltr'><strong>vius,</strong></span> <span class='ocrx_word' id='word_1_258' title='bbox 540 3721 703 3784; x_wconf 83' lang='lat' dir='ltr'><strong>iuquit</strong></span> <span class='ocrx_word' id='word_1_259' title='bbox 720 3755 735 3780; x_wconf 92' lang='lat'>‚</span> <span class='ocrx_word' id='word_1_260' title='bbox 777 3722 1022 3772; x_wconf 75' lang='lat' dir='ltr'><strong>nesciebat</strong></span> <span class='ocrx_word' id='word_1_261' title='bbox 1039 3757 1056 3783; x_wconf 85' lang='lat'><em>‚</em></span> <span class='ocrx_word' id='word_1_262' title='bbox 1094 3723 1216 3787; x_wconf 87' lang='lat' dir='ltr'><strong>quid</strong></span> <span class='ocrx_word' id='word_1_263' title='bbox 1257 3734 1381 3772; x_wconf 84' lang='lat' dir='ltr'><strong>esset</strong></span> 
     </span>
     <span class='ocr_line' id='line_1_36' title="bbox 359 3799 1382 3866; baseline 0.003 -19"><span class='ocrx_word' id='word_1_264' title='bbox 359 3822 383 3841; x_wconf 75' lang='grc' dir='ltr'><strong>σι</strong></span> <span class='ocrx_word' id='word_1_265' title='bbox 401 3800 535 3847; x_wconf 81' lang='lat' dir='ltr'><strong>nitor</strong></span> <span class='ocrx_word' id='word_1_266' title='bbox 567 3799 819 3848; x_wconf 84' lang='lat' dir='ltr'><strong>obsoletus</strong></span> <span class='ocrx_word' id='word_1_267' title='bbox 839 3822 864 3843; x_wconf 73' lang='lat' dir='ltr'><strong>a·</strong></span> <span class='ocrx_word' id='word_1_268' title='bbox 882 3834 899 3859; x_wconf 88' lang='lat'><strong>,</strong></span> <span class='ocrx_word' id='word_1_269' title='bbox 938 3813 1026 3853; x_wconf 76' lang='lat' dir='ltr'><strong>aut</strong></span> <span class='ocrx_word' id='word_1_270' title='bbox 1049 3818 1198 3866; x_wconf 82' lang='lat' dir='ltr'><strong>quare</strong></span> <span class='ocrx_word' id='word_1_271' title='bbox 1224 3805 1314 3852; x_wconf 88' lang='lat' dir='ltr'><strong>Dr.</strong></span> <span class='ocrx_word' id='word_1_272' title='bbox 1334 3813 1382 3850; x_wconf 88' lang='lat' dir='ltr'><strong>et</strong></span> 
     </span>
     <span class='ocr_line' id='line_1_37' title="bbox 361 3878 1384 3945; baseline 0.002 -18"><span class='ocrx_word' id='word_1_273' title='bbox 361 3878 610 3927; x_wconf 76' lang='lat' dir='ltr'><strong>Gracchus</strong></span> <span class='ocrx_word' id='word_1_274' title='bbox 668 3881 738 3927; x_wconf 83' lang='lat' dir='ltr'><strong>sic</strong></span> <span class='ocrx_word' id='word_1_275' title='bbox 791 3880 1165 3945; x_wconf 82' lang='lat' dir='ltr'><strong>appellarentur.</strong></span> <span class='ocrx_word' id='word_1_276' title='bbox 1221 3882 1384 3931; x_wconf 73' lang='lat' dir='ltr'><strong>Credo</strong></span> 
     </span>
     <span class='ocr_line' id='line_1_38' title="bbox 361 3958 1384 4025; baseline 0.004 -20"><span class='ocrx_word' id='word_1_277' title='bbox 361 3974 461 4006; x_wconf 80' lang='lat' dir='ltr'><strong>esse</strong></span> <span class='ocrx_word' id='word_1_278' title='bbox 487 3973 771 4022; x_wconf 78' lang='lat' dir='ltr'><strong>expressum</strong></span> <span class='ocrx_word' id='word_1_279' title='bbox 791 3974 820 4006; x_wconf 82' lang='lat' dir='ltr'><strong>e</strong></span> <span class='ocrx_word' id='word_1_280' title='bbox 841 3975 1002 4023; x_wconf 82' lang='lat' dir='ltr'><strong>graeco</strong></span> <span class='ocrx_word' id='word_1_281' title='bbox 1017 3958 1147 4017; x_wconf 76' lang='grc' dir='ltr'><strong>πίνος</strong></span> <span class='ocrx_word' id='word_1_282' title='bbox 1169 3975 1182 4010; x_wconf 88' lang='lat'><strong>:</strong></span> <span class='ocrx_word' id='word_1_283' title='bbox 1210 3962 1262 4008; x_wconf 88' lang='lat' dir='ltr'><strong>in</strong></span> <span class='ocrx_word' id='word_1_284' title='bbox 1284 3978 1384 4025; x_wconf 88' lang='lat' dir='ltr'><strong>quo</strong></span> 
     </span>
     <span class='ocr_line' id='line_1_39' title="bbox 361 4035 1386 4105; baseline 0.004 -22"><span class='ocrx_word' id='word_1_285' title='bbox 361 4037 485 4085; x_wconf 85' lang='lat' dir='ltr'><strong>inest</strong></span> <span class='ocrx_word' id='word_1_286' title='bbox 511 4035 806 4101; x_wconf 74' lang='lat' dir='ltr'><strong>significatio</strong></span> <span class='ocrx_word' id='word_1_287' title='bbox 835 4038 1018 4088; x_wconf 84' lang='lat' dir='ltr'><strong>nitoris</strong></span> <span class='ocrx_word' id='word_1_288' title='bbox 1050 4050 1100 4088; x_wconf 85' lang='lat' dir='ltr'><strong>et</strong></span> <span class='ocrx_word' id='word_1_289' title='bbox 1126 4040 1386 4105; x_wconf 82' lang='lat' dir='ltr'><strong>antiquita-</strong></span> 
     </span>
     <span class='ocr_line' id='line_1_40' title="bbox 365 4116 1385 4183; baseline 0.005 -20"><span class='ocrx_word' id='word_1_290' title='bbox 365 4116 456 4174; x_wconf 74' lang='lat' dir='ltr'><strong>tis,</strong></span> <span class='ocrx_word' id='word_1_291' title='bbox 491 4128 637 4181; x_wconf 87' lang='lat' dir='ltr'><strong>atque</strong></span> <span class='ocrx_word' id='word_1_292' title='bbox 666 4116 781 4164; x_wconf 84' lang='lat' dir='ltr'><strong>iude</strong></span> <span class='ocrx_word' id='word_1_293' title='bbox 806 4116 1011 4178; x_wconf 77' lang='lat' dir='ltr'><strong>alicujus</strong></span> <span class='ocrx_word' id='word_1_294' title='bbox 1039 4121 1220 4167; x_wconf 85' lang='lat' dir='ltr'><strong>vetusti</strong></span> <span class='ocrx_word' id='word_1_295' title='bbox 1241 4137 1385 4183; x_wconf 74' lang='lat' dir='ltr'><strong>squa-</strong></span> 
     </span>
    </p>
   </div>
   <div class='ocr_carea' id='block_1_7' title="bbox 1466 2536 2510 4171">
    <p class='ocr_par' dir='ltr' id='par_1_10' title="bbox 1466 2536 2509 2994">
     <span class='ocr_line' id='line_1_41' title="bbox 1472 2536 2502 2603; baseline -0.001 -19"><span class='ocrx_word' id='word_1_296' title='bbox 1472 2538 1649 2584; x_wconf 84' lang='lat' dir='ltr'><strong>stineta</strong></span> <span class='ocrx_word' id='word_1_297' title='bbox 1677 2548 1782 2585; x_wconf 85' lang='lat' dir='ltr'><strong>erat</strong></span> <span class='ocrx_word' id='word_1_298' title='bbox 1798 2570 1813 2595; x_wconf 91' lang='lat'><strong>,</strong></span> <span class='ocrx_word' id='word_1_299' title='bbox 1857 2548 1916 2585; x_wconf 86' lang='lat' dir='ltr'><strong>ut</strong></span> <span class='ocrx_word' id='word_1_300' title='bbox 1951 2548 2111 2585; x_wconf 86' lang='lat' dir='ltr'><strong>esseut</strong></span> <span class='ocrx_word' id='word_1_301' title='bbox 2148 2537 2284 2603; x_wconf 81' lang='lat' dir='ltr'><strong>apud</strong></span> <span class='ocrx_word' id='word_1_302' title='bbox 2322 2536 2502 2584; x_wconf 88' lang='lat' dir='ltr'><strong>multos</strong></span> 
     </span>
     <span class='ocr_line' id='line_1_42' title="bbox 1469 2614 2501 2665; baseline 0.002 -2"><span class='ocrx_word' id='word_1_303' title='bbox 1469 2616 1524 2664; x_wconf 85' lang='lat' dir='ltr'><strong>iu</strong></span> <span class='ocrx_word' id='word_1_304' title='bbox 1542 2615 1751 2664; x_wconf 83' lang='lat' dir='ltr'><strong>honore.</strong></span> <span class='ocrx_word' id='word_1_305' title='bbox 1770 2641 1843 2653; x_wconf 88' lang='lat'>—</span> <span class='ocrx_word' id='word_1_306' title='bbox 1870 2614 1987 2665; x_wconf 72' lang='lat' dir='ltr'><strong>Sela.</strong></span> <span class='ocrx_word' id='word_1_307' title='bbox 2018 2639 2045 2660; x_wconf 70' lang='grc' dir='ltr'><strong>α</strong></span> <span class='ocrx_word' id='word_1_308' title='bbox 2062 2616 2275 2665; x_wconf 85' lang='lat' dir='ltr'><strong>Gracchi</strong></span> <span class='ocrx_word' id='word_1_309' title='bbox 2294 2617 2501 2665; x_wconf 84' lang='lat' dir='ltr'><strong>nitorem</strong></span> 
     </span>
     <span class='ocr_line' id='line_1_43' title="bbox 1470 2694 2509 2761; baseline -0.001 -17"><span class='ocrx_word' id='word_1_310' title='bbox 1470 2694 1752 2744; x_wconf 85' lang='lat' dir='ltr'><strong>obsoletum</strong></span> <span class='ocrx_word' id='word_1_311' title='bbox 1774 2717 1815 2744; x_wconf 71' lang='lat' dir='ltr'><strong>n.</strong></span> <span class='ocrx_word' id='word_1_312' title='bbox 1845 2698 1919 2743; x_wconf 86' lang='lat' dir='ltr'><strong>Ita</strong></span> <span class='ocrx_word' id='word_1_313' title='bbox 1939 2730 1954 2755; x_wconf 87' lang='lat'><strong>,</strong></span> <span class='ocrx_word' id='word_1_314' title='bbox 1994 2696 2185 2761; x_wconf 87' lang='lat' dir='ltr'><strong>iuquit,</strong></span> <span class='ocrx_word' id='word_1_315' title='bbox 2228 2696 2305 2744; x_wconf 87' lang='lat' dir='ltr'><strong>bis</strong></span> <span class='ocrx_word' id='word_1_316' title='bbox 2342 2696 2509 2744; x_wconf 78' lang='lat' dir='ltr'><strong>verbis</strong></span> 
     </span>
     <span class='ocr_line' id='line_1_44' title="bbox 1471 2773 2506 2839; baseline 0 -16"><span class='ocrx_word' id='word_1_317' title='bbox 1471 2790 1667 2823; x_wconf 84' lang='lat' dir='ltr'><strong>sensum</strong></span> <span class='ocrx_word' id='word_1_318' title='bbox 1702 2784 1753 2822; x_wconf 89' lang='lat' dir='ltr'><strong>et</strong></span> <span class='ocrx_word' id='word_1_319' title='bbox 1786 2773 2071 2837; x_wconf 75' lang='lat' dir='ltr'><strong>elegantiam</strong></span> <span class='ocrx_word' id='word_1_320' title='bbox 2097 2776 2307 2825; x_wconf 86' lang='lat' dir='ltr'><strong>restitui.</strong></span> <span class='ocrx_word' id='word_1_321' title='bbox 2320 2777 2506 2839; x_wconf 78' lang='lat' dir='ltr'><strong>Vulga-</strong></span> 
     </span>
     <span class='ocr_line' id='line_1_45' title="bbox 1467 2853 2502 2913; baseline 0.003 -11"><span class='ocrx_word' id='word_1_322' title='bbox 1467 2864 1567 2902; x_wconf 85' lang='lat' dir='ltr'><strong>tam</strong></span> <span class='ocrx_word' id='word_1_323' title='bbox 1598 2853 1727 2901; x_wconf 74' lang='lat' dir='ltr'><strong>euim</strong></span> <span class='ocrx_word' id='word_1_324' title='bbox 1743 2888 1759 2911; x_wconf 93' lang='lat'>‚</span> <span class='ocrx_word' id='word_1_325' title='bbox 1794 2874 1817 2896; x_wconf 75' lang='grc' dir='ltr'>ι</span> <span class='ocrx_word' id='word_1_326' title='bbox 1839 2854 2143 2913; x_wconf 73' lang='lat' dir='ltr'><strong>Gracchum,</strong></span> <span class='ocrx_word' id='word_1_327' title='bbox 2168 2855 2377 2904; x_wconf 84' lang='lat' dir='ltr'><strong>nitorem</strong></span> <span class='ocrx_word' id='word_1_328' title='bbox 2408 2855 2502 2905; x_wconf 87' lang='lat' dir='ltr'><strong>ob-</strong></span> 
     </span>
     <span class='ocr_line' id='line_1_46' title="bbox 1466 2930 2429 2994; baseline 0.003 -13"><span class='ocrx_word' id='word_1_329' title='bbox 1466 2932 1679 2981; x_wconf 85' lang='lat' dir='ltr'><strong>soletum</strong></span> <span class='ocrx_word' id='word_1_330' title='bbox 1702 2954 1728 2973; x_wconf 69' lang='lat' dir='ltr'>a</span> <span class='ocrx_word' id='word_1_331' title='bbox 1746 2964 1763 2989; x_wconf 89' lang='lat'><strong>,</strong></span> <span class='ocrx_word' id='word_1_332' title='bbox 1792 2930 1917 2994; x_wconf 85' lang='lat' dir='ltr'><strong>quid</strong></span> <span class='ocrx_word' id='word_1_333' title='bbox 1938 2933 2028 2990; x_wconf 87' lang='lat' dir='ltr'><strong>sit,</strong></span> <span class='ocrx_word' id='word_1_334' title='bbox 2056 2948 2204 2981; x_wconf 80' lang='lat' dir='ltr'><strong>nemo</strong></span> <span class='ocrx_word' id='word_1_335' title='bbox 2233 2934 2429 2984; x_wconf 74' lang='lat' dir='ltr'><strong>dixerit.</strong></span> 
     </span>
    </p>

    <p class='ocr_par' dir='ltr' id='par_1_11' title="bbox 1467 3011 2510 4171">
     <span class='ocr_line' id='line_1_47' title="bbox 1546 3011 2499 3081; baseline 0.002 -22"><span class='ocrx_word' id='word_1_336' title='bbox 1546 3027 1625 3059; x_wconf 80' lang='lat' dir='ltr'><strong>xo.</strong></span> <span class='ocrx_word' id='word_1_337' title='bbox 1652 3014 1749 3059; x_wconf 82' lang='lat' dir='ltr'><strong>Per</strong></span> <span class='ocrx_word' id='word_1_338' title='bbox 1787 3011 2162 3060; x_wconf 74' lang='lat' dir='ltr'><strong>translationem</strong></span> <span class='ocrx_word' id='word_1_339' title='bbox 2196 3024 2499 3081; x_wconf 60' lang='lat' dir='ltr'><strong>argumento.</strong></span> 
     </span>
     <span class='ocr_line' id='line_1_48' title="bbox 1468 3088 2503 3158; baseline 0.002 -17"><span class='ocrx_word' id='word_1_340' title='bbox 1468 3088 1667 3141; x_wconf 78' lang='lat' dir='ltr'><strong>Schiitz.</strong></span> <span class='ocrx_word' id='word_1_341' title='bbox 1694 3113 1719 3133; x_wconf 71' lang='lat' dir='ltr'>a</span> <span class='ocrx_word' id='word_1_342' title='bbox 1738 3092 2097 3155; x_wconf 81' lang='lat' dir='ltr'><strong>permutatione</strong></span> <span class='ocrx_word' id='word_1_343' title='bbox 2130 3110 2220 3158; x_wconf 84' lang='lat' dir='ltr'><strong>per</strong></span> <span class='ocrx_word' id='word_1_344' title='bbox 2244 3110 2503 3158; x_wconf 76' lang='lat' dir='ltr'><strong>argumen-</strong></span> 
     </span>
     <span class='ocr_line' id='line_1_49' title="bbox 1470 3170 2506 3236; baseline 0.001 -15"><span class='ocrx_word' id='word_1_345' title='bbox 1470 3180 1577 3221; x_wconf 83' lang='lat' dir='ltr'><strong>tum</strong></span> <span class='ocrx_word' id='word_1_346' title='bbox 1594 3192 1641 3219; x_wconf 68' lang='lat' dir='ltr'><strong>a.</strong></span> <span class='ocrx_word' id='word_1_347' title='bbox 1667 3170 1782 3217; x_wconf 80' lang='lat' dir='ltr'><strong>Hoc</strong></span> <span class='ocrx_word' id='word_1_348' title='bbox 1802 3186 1997 3229; x_wconf 85' lang='lat' dir='ltr'><strong>seusus,</strong></span> <span class='ocrx_word' id='word_1_349' title='bbox 2016 3171 2210 3236; x_wconf 87' lang='lat' dir='ltr'><strong>iuquit,</strong></span> <span class='ocrx_word' id='word_1_350' title='bbox 2235 3174 2506 3222; x_wconf 68' lang='lat' dir='ltr'><strong>necessario</strong></span> 
     </span>
     <span class='ocr_line' id='line_1_50' title="bbox 1471 3250 2505 3316; baseline 0.004 -19"><span class='ocrx_word' id='word_1_351' title='bbox 1471 3250 1719 3314; x_wconf 85' lang='lat' dir='ltr'><strong>postulat,</strong></span> <span class='ocrx_word' id='word_1_352' title='bbox 1744 3251 1833 3313; x_wconf 85' lang='lat' dir='ltr'><strong>qui</strong></span> <span class='ocrx_word' id='word_1_353' title='bbox 1858 3250 1911 3296; x_wconf 88' lang='lat' dir='ltr'><strong>iu</strong></span> <span class='ocrx_word' id='word_1_354' title='bbox 1938 3250 2135 3315; x_wconf 78' lang='lat' dir='ltr'><strong>vulgata</strong></span> <span class='ocrx_word' id='word_1_355' title='bbox 2171 3269 2302 3316; x_wconf 76' lang='lat' dir='ltr'><strong>«per</strong></span> <span class='ocrx_word' id='word_1_356' title='bbox 2338 3254 2505 3302; x_wconf 85' lang='lat' dir='ltr'><strong>transl.</strong></span> 
     </span>
     <span class='ocr_line' id='line_1_51' title="bbox 1469 3328 2503 3393; baseline 0.003 -16"><span class='ocrx_word' id='word_1_357' title='bbox 1469 3344 1574 3393; x_wconf 74' lang='lat' dir='ltr'><strong>urg.</strong></span> <span class='ocrx_word' id='word_1_358' title='bbox 1590 3350 1616 3371; x_wconf 71' lang='lat' dir='ltr'><strong>a·</strong></span> <span class='ocrx_word' id='word_1_359' title='bbox 1640 3344 1847 3393; x_wconf 81' lang='lat' dir='ltr'><strong>prorsus</strong></span> <span class='ocrx_word' id='word_1_360' title='bbox 1868 3328 2157 3379; x_wconf 69' lang='lat' dir='ltr'><strong>obliteratus</strong></span> <span class='ocrx_word' id='word_1_361' title='bbox 2184 3342 2275 3389; x_wconf 65' lang='lat' dir='ltr'><strong>est.</strong></span> <span class='ocrx_word' id='word_1_362' title='bbox 2292 3331 2503 3379; x_wconf 81' lang='lat' dir='ltr'><strong>—Vul-</strong></span> 
     </span>
     <span class='ocr_line' id='line_1_52' title="bbox 1469 3410 2499 3475; baseline 0.003 -20"><span class='ocrx_word' id='word_1_363' title='bbox 1469 3420 1629 3473; x_wconf 79' lang='lat' dir='ltr'><strong>gatam</strong></span> <span class='ocrx_word' id='word_1_364' title='bbox 1650 3410 1828 3457; x_wconf 80' lang='lat' dir='ltr'><strong>servari</strong></span> <span class='ocrx_word' id='word_1_365' title='bbox 1850 3425 1993 3473; x_wconf 84' lang='lat' dir='ltr'><strong>posse</strong></span> <span class='ocrx_word' id='word_1_366' title='bbox 2014 3412 2293 3475; x_wconf 79' lang='lat' dir='ltr'><strong>exemplum</strong></span> <span class='ocrx_word' id='word_1_367' title='bbox 2314 3422 2499 3459; x_wconf 88' lang='lat' dir='ltr'><strong>mouet.</strong></span> 
     </span>
     <span class='ocr_line' id='line_1_53' title="bbox 1470 3488 2497 3554; baseline 0.003 -20"><span class='ocrx_word' id='word_1_368' title='bbox 1470 3490 1654 3535; x_wconf 72' lang='lat' dir='ltr'><strong>Atreus</strong></span> <span class='ocrx_word' id='word_1_369' title='bbox 1698 3488 1829 3536; x_wconf 84' lang='lat' dir='ltr'><strong>euim</strong></span> <span class='ocrx_word' id='word_1_370' title='bbox 1870 3489 2235 3552; x_wconf 84' lang='lat' dir='ltr'><strong>permutatione</strong></span> <span class='ocrx_word' id='word_1_371' title='bbox 2269 3491 2497 3554; x_wconf 81' lang='lat' dir='ltr'><strong>ponitur,</strong></span> 
     </span>
     <span class='ocr_line' id='line_1_54' title="bbox 1467 3567 2495 3633; baseline 0.002 -18"><span class='ocrx_word' id='word_1_372' title='bbox 1467 3583 1563 3633; x_wconf 84' lang='lat' dir='ltr'><strong>pro</strong></span> <span class='ocrx_word' id='word_1_373' title='bbox 1586 3567 1685 3615; x_wconf 84' lang='lat' dir='ltr'><strong>alio</strong></span> <span class='ocrx_word' id='word_1_374' title='bbox 1712 3567 1880 3615; x_wconf 63' lang='lat' dir='ltr'><strong>nescio</strong></span> <span class='ocrx_word' id='word_1_375' title='bbox 1906 3582 2038 3632; x_wconf 84' lang='lat' dir='ltr'><strong>quo;</strong></span> <span class='ocrx_word' id='word_1_376' title='bbox 2071 3581 2119 3615; x_wconf 88' lang='lat' dir='ltr'><strong>et</strong></span> <span class='ocrx_word' id='word_1_377' title='bbox 2147 3578 2221 3615; x_wconf 83' lang='lat' dir='ltr'><strong>est</strong></span> <span class='ocrx_word' id='word_1_378' title='bbox 2247 3579 2495 3633; x_wconf 80' lang='lat' dir='ltr'><strong>permuta·</strong></span> 
     </span>
     <span class='ocr_line' id='line_1_55' title="bbox 1469 3645 2497 3711; baseline 0.002 -17"><span class='ocrx_word' id='word_1_379' title='bbox 1469 3647 1544 3695; x_wconf 85' lang='lat' dir='ltr'><strong>tio</strong></span> <span class='ocrx_word' id='word_1_380' title='bbox 1590 3662 1679 3711; x_wconf 82' lang='lat' dir='ltr'><strong>per</strong></span> <span class='ocrx_word' id='word_1_381' title='bbox 1723 3645 2095 3695; x_wconf 85' lang='lat' dir='ltr'><strong>similitudinem</strong></span> <span class='ocrx_word' id='word_1_382' title='bbox 2118 3682 2134 3703; x_wconf 92' lang='lat'><strong>,</strong></span> <span class='ocrx_word' id='word_1_383' title='bbox 2192 3662 2303 3695; x_wconf 87' lang='lat' dir='ltr'><strong>nam</strong></span> <span class='ocrx_word' id='word_1_384' title='bbox 2355 3648 2497 3696; x_wconf 85' lang='lat' dir='ltr'><strong>illum</strong></span> 
     </span>
     <span class='ocr_line' id='line_1_56' title="bbox 1468 3724 2503 3789; baseline 0.002 -16"><span class='ocrx_word' id='word_1_385' title='bbox 1468 3728 1627 3773; x_wconf 79' lang='lat' dir='ltr'><strong>Atreo</strong></span> <span class='ocrx_word' id='word_1_386' title='bbox 1664 3724 1872 3773; x_wconf 76' lang='lat' dir='ltr'><strong>similem</strong></span> <span class='ocrx_word' id='word_1_387' title='bbox 1913 3741 2016 3773; x_wconf 84' lang='lat' dir='ltr'><strong>esse</strong></span> <span class='ocrx_word' id='word_1_388' title='bbox 2052 3724 2408 3789; x_wconf 79' lang='lat' dir='ltr'><strong>significamus3</strong></span> <span class='ocrx_word' id='word_1_389' title='bbox 2454 3738 2503 3775; x_wconf 86' lang='lat' dir='ltr'><strong>et</strong></span> 
     </span>
     <span class='ocr_line' id='line_1_57' title="bbox 1475 3800 2501 3869; baseline 0.001 -17"><span class='ocrx_word' id='word_1_390' title='bbox 1475 3815 1549 3852; x_wconf 87' lang='lat' dir='ltr'><strong>est</strong></span> <span class='ocrx_word' id='word_1_391' title='bbox 1581 3816 1920 3869; x_wconf 72' lang='lat' dir='ltr'><strong>argumentum</strong></span> <span class='ocrx_word' id='word_1_392' title='bbox 1938 3842 1953 3867; x_wconf 91' lang='lat'><strong>,</strong></span> <span class='ocrx_word' id='word_1_393' title='bbox 1986 3800 2099 3853; x_wconf 61' lang='lat' dir='ltr'><strong>ua&#39;m</strong></span> <span class='ocrx_word' id='word_1_394' title='bbox 2126 3804 2334 3853; x_wconf 82' lang='lat' dir='ltr'><strong>Atreum</strong></span> <span class='ocrx_word' id='word_1_395' title='bbox 2358 3821 2501 3854; x_wconf 79' lang='lat' dir='ltr'><strong>voea-</strong></span> 
     </span>
     <span class='ocr_line' id='line_1_58' title="bbox 1471 3884 2506 3949; baseline 0.001 -17"><span class='ocrx_word' id='word_1_396' title='bbox 1471 3900 1581 3933; x_wconf 85' lang='lat' dir='ltr'><strong>mus</strong></span> <span class='ocrx_word' id='word_1_397' title='bbox 1612 3901 1759 3949; x_wconf 87' lang='lat' dir='ltr'><strong>quem</strong></span> <span class='ocrx_word' id='word_1_398' title='bbox 1788 3884 2033 3934; x_wconf 85' lang='lat' dir='ltr'><strong>crudelem</strong></span> <span class='ocrx_word' id='word_1_399' title='bbox 2069 3884 2329 3933; x_wconf 78' lang='lat' dir='ltr'><strong>ostendere</strong></span> <span class='ocrx_word' id='word_1_400' title='bbox 2363 3885 2506 3934; x_wconf 83' lang='lat' dir='ltr'><strong>volu·</strong></span> 
     </span>
     <span class='ocr_line' id='line_1_59' title="bbox 1473 3961 2505 4027; baseline -0.003 -15"><span class='ocrx_word' id='word_1_401' title='bbox 1473 3980 1607 4023; x_wconf 84' lang='lat' dir='ltr'><strong>mus3</strong></span> <span class='ocrx_word' id='word_1_402' title='bbox 1628 3975 1677 4012; x_wconf 91' lang='lat' dir='ltr'><strong>et</strong></span> <span class='ocrx_word' id='word_1_403' title='bbox 1706 3964 1955 4012; x_wconf 69' lang='lat' dir='ltr'><strong>translatio</strong></span> <span class='ocrx_word' id='word_1_404' title='bbox 1977 3961 2253 4020; x_wconf 80' lang='lat' dir='ltr'><strong>videbitur,</strong></span> <span class='ocrx_word' id='word_1_405' title='bbox 2280 3965 2322 4010; x_wconf 90' lang='lat' dir='ltr'><strong>si</strong></span> <span class='ocrx_word' id='word_1_406' title='bbox 2344 3979 2505 4027; x_wconf 77' lang='lat' dir='ltr'><strong>respe-</strong></span> 
     </span>
     <span class='ocr_line' id='line_1_60' title="bbox 1475 4043 2510 4107; baseline 0 -18"><span class='ocrx_word' id='word_1_407' title='bbox 1475 4044 1605 4091; x_wconf 87' lang='lat' dir='ltr'><strong>xeris</strong></span> <span class='ocrx_word' id='word_1_408' title='bbox 1638 4044 1761 4107; x_wconf 84' lang='lat' dir='ltr'><strong>quid</strong></span> <span class='ocrx_word' id='word_1_409' title='bbox 1795 4044 1861 4091; x_wconf 90' lang='lat' dir='ltr'><strong>sit</strong></span> <span class='ocrx_word' id='word_1_410' title='bbox 1897 4043 2089 4090; x_wconf 84' lang='lat' dir='ltr'><strong>auctori</strong></span> <span class='ocrx_word' id='word_1_411' title='bbox 2124 4052 2303 4090; x_wconf 85' lang='lat' dir='ltr'><strong>nostro</strong></span> <span class='ocrx_word' id='word_1_412' title='bbox 2349 4053 2510 4094; x_wconf 68' lang='lat' dir='ltr'><strong>trans·</strong></span> 
     </span>
     <span class='ocr_line' id='line_1_61' title="bbox 1477 4121 1618 4171; baseline 0.021 -3"><span class='ocrx_word' id='word_1_413' title='bbox 1477 4121 1618 4171; x_wconf 76' lang='lat' dir='ltr'><strong>latio.</strong></span> 
     </span>
    </p>
   </div>
  </div>
 </body>
</html>
