2982 4682
818 353 942 422 DE
987 353 1588 436 INVENTIONE,
1635 354 1900 422 LIBER
1951 355 1984 421 Ι
2004 405 2023 437 ,
2067 355 2146 437 [μ
2170 408 2184 422 .
2425 351 2568 451 359

430 476 573 548 bus
614 475 689 546 id
724 474 997 563 solum,
1052 473 1257 570 quod
1292 473 1710 563 conficitur,
1763 499 2170 573 expoueoe3
2213 479 2290 548 in
2327 479 2443 570 iis,
2487 482 2564 550 in

431 585 705 684 quibus
734 587 974 656 exitus
1010 589 1439 682 perspicuus
1466 600 1578 656 est
1599 639 1622 673 ,
1655 588 2176 660 consecutione
2197 599 2256 634 ¹²
2285 591 2414 660 uti.

530 697 735 794 (xm.)
768 701 841 767 Si
875 699 1005 793 qui
1042 711 1287 767 autem
1321 722 1411 766 ex
1442 720 1588 766 una
1623 715 1924 792 quoque
1957 712 2160 794 parte
2197 699 2564 795 putabunt

432 823 763 884 constare
826 808 1564 902 argumentationem,
1629 820 1978 902 poterunt
2037 806 2318 894 dicere,
2382 833 2567 905 saepe

432 923 602 990 satis
632 941 789 988 esse
822 915 965 986 hoc
1001 915 1221 987 modo
1254 916 1950 1012 argumentationem
1987 916 2226 988 facere
2259 945 2276 986 z
2304 947 2340 982 e<
2368 919 2567 1006 Quo·
2671 997 2679 1008 ,

438 1029 631 1098 niam
666 1027 981 1125 peperit,
1020 1047 1183 1096 cum
1216 1028 1373 1097 viro
1405 1025 1806 1098 concubuit
1831 1055 1884 1096 n.
1918 1030 2100 1097 Nam
2126 1025 2270 1098 hoc
2299 1027 2570 1098 nullius

436 1160 675 1233 neque
708 1133 1254 1233 approbationis
1274 1187 1293 1221 ,
1334 1159 1578 1232 neque
1613 1136 2126 1231 assumptionis
2150 1129 2238 1222 ¹3,
2273 1135 2388 1206 vel
2417 1137 2570 1229 ejus

436 1245 1023 1345 approbationis,
1066 1269 1307 1342 neque
1343 1245 1874 1343 complexionis
1901 1244 2248 1342 indigere.
2275 1247 2412 1318 Sed
2445 1271 2574 1320 no·

438 1358 551 1430 bis
586 1355 1054 1452 ambiguitate
1094 1357 1411 1427 nominis
1458 1355 1798 1428 videntur
1839 1379 2100 1428 errare.
2138 1360 2319 1428 Nam
2357 1381 2568 1454 argu-

434 1469 782 1538 mentatio
825 1467 1121 1537 nomine
1150 1491 1301 1536 uno
1340 1489 1457 1536 res
1501 1464 1678 1536 duas
1731 1464 2115 1562 significat,
2152 1465 2322 1537 ideo
2369 1467 2572 1563 quod

438 1593 513 1648 et
555 1581 931 1649 inventum
966 1577 1283 1673 aliquam
1318 1581 1395 1647 in
1441 1599 1594 1648 rem
1631 1574 2044 1672 probabile,
2086 1591 2212 1646 aut
2243 1599 2574 1648 necessa-

438 1691 623 1757 rium
653 1686 753 1775 ¹⁴,
793 1688 1319 1783 argumentatio
1362 1701 1686 1772 vocatur,
1723 1701 1798 1756 et
1844 1686 2002 1780 ejus
2041 1688 2322 1759 inventi
2357 1688 2575 1757 artifi-

436 1799 630 1868 ciosa
648 1797 1022 1894 expolitio.
1053 1795 1366 1889 Quando
1387 1796 1612 1891 igitur
1630 1794 2007 1893 proferent
2026 1795 2296 1892 aliquid
2326 1797 2574 1891 hujus·

434 1906 633 1978 modi
664 1934 679 1976 ε
707 1935 741 1973 α
762 1909 1123 1997 Quoniam
1154 1909 1470 2004 peperit,
1509 1931 1682 1977 cum
1718 1906 1878 1976 viro
1913 1904 2314 1977 concubuit
2341 1937 2374 1974 >2
2403 1935 2424 1994 ;
2466 1909 2574 1978 iu·

436 2031 739 2088 ventum
786 2015 1193 2113 proferent,
1258 2041 1407 2086 non
1452 2015 1974 2113 expolitionem
1999 2012 2085 2084 ¹⁵.
2135 2019 2284 2086 Nos
2329 2031 2572 2089 autem

436 2125 527 2195 de
562 2127 1027 2223 expolitionis
1064 2125 1393 2224 partibus
1428 2125 1818 2222 loquimur.
2015 2143 2028 2152 ·

533 2241 710 2306 XLI.
741 2236 930 2308 Nihil
967 2237 1185 2334 igitur
1210 2236 1299 2306 ad
1326 2236 1514 2308 hanc
1552 2259 1704 2307 rem
1737 2235 1920 2306 ratio
1940 2245 1962 2278 ¹
1996 2234 2111 2304 illa
2139 2234 2566 2332 pertinebit:

432 2362 655 2447 atque
696 2348 833 2419 hac
868 2346 1366 2432 distinctione,
1406 2347 1544 2419 alia
1572 2344 1874 2445 quoque
1893 2403 1912 2434 ,
1941 2371 2104 2443 quae
2129 2345 2574 2417 videbuntur

433 2454 725 2527 officere
784 2456 955 2527 huic
1014 2458 1425 2555 partitioni,
1490 2456 2114 2555 propulsabimus,
2156 2456 2216 2527 si
2265 2459 2390 2553 qui
2449 2471 2573 2526 aut

430 2568 1002 2663 assumptionem
1036 2556 1428 2664 aliquando
1465 2566 1619 2638 tolli
1652 2592 1864 2664 posse
1901 2580 2199 2664 putent,
2256 2576 2383 2636 aut
2409 2589 2574 2662 pro-

438 2678 893 2774 positionem.
927 2679 1104 2766 Quae
1140 2678 1200 2747 si
1236 2676 1415 2774 quid
1453 2675 1676 2747 habet
1710 2674 2128 2773 probabile,
2171 2688 2298 2745 aut
2331 2691 2575 2744 neces·

432 2787 695 2856 sarium
717 2840 735 2873 ,
762 2810 1065 2885 quoquo
1089 2784 1309 2857 modo
1331 2800 1782 2857 commoveat
1797 2798 1823 2830 ²
1845 2783 2251 2856 auditorem
2280 2808 2572 2857 necesse

436 2991 493 3039 id
515 3001 589 3039 est
608 3024 623 3049 ,
648 3008 736 3054 per
762 3006 921 3039 rerum
940 2992 1365 3055 congregationem
1384 2992 1462 3057 (ut
1548 3006 1702 3039 unum
1744 2990 2068 3048 contrahitur,
2111 2990 2176 3037 its
2229 3000 2286 3039 ut
2324 2990 2580 3041 omittatur

434 3070 655 3133 loquitur
683 3070 893 3133 Quintil.
922 3070 962 3119 l.
985 3073 1088 3129 VI,
1116 3087 1160 3120 c.
1196 3068 1243 3134 ι)
1268 3082 1319 3119 et
1346 3088 1464 3119 euu-
1551 3072 1804 3133 utriusque
1841 3069 2134 3134 approbatio
2178 3082 2227 3119 et
2278 3072 2574 3135 complexio.

437 3150 749 3199 metationem
762 3165 851 3213 per
862 3164 1049 3197 summa
1063 3150 1463 3213 apiacam-na.

513 3241 597 3277 υ.
628 3228 993 3277 consecutione.
1032 3228 1157 3289 Quse
1181 3228 1297 3275 sliss
1322 3244 1461 3277 com-

438 3302 605 3371 plexio
622 3339 639 3365 ,
667 3306 941 3389 connexio,
975 3305 1229 3354 conclusio
1264 3307 1461 3355 dicitur.

436 3384 603 3449 Vulgo
621 3386 981 3449 consequentia.
1000 3387 1215 3435 Carren-

514 3467 599 3515 13.
620 3468 791 3529 Neque
811 3466 1175 3531 assumptionis,
1200 3476 1297 3514 etc.
1328 3468 1464 3533 Hac,

434 3544 599 3608 inquit
620 3542 878 3593 Schiitsius
894 3579 911 3603 ,
934 3562 1134 3610 prorsus
1160 3545 1325 3609 inepta
1350 3556 1466 3594 sunt

436 3635 489 3673 et
540 3642 567 3673 ιι
622 3625 873 3675 Ciceronis
928 3626 1182 3689 proposito
1245 3624 1400 3673 aliens
1448 3639 1463 3675 ε

438 3702 715 3767 exemplum
734 3704 865 3751 euim
878 3703 1149 3767 syllogismi
1158 3702 1302 3768 plene
1320 3720 1464 3752 enun-

440 3784 548 3831 tiati
573 3780 675 3831 hoc
700 3792 806 3831 est:
841 3803 865 3825 α
892 3784 945 3831 si
972 3784 1195 3847 peperit,
1219 3798 1329 3830 cum
1358 3785 1465 3831 viro

434 3862 733 3921 concubuitt
776 3862 967 3925 peperit
993 3872 1179 3917 sutem,
1218 3877 1329 3909 cnm
1358 3862 1465 3909 viro

440 3941 589 4003 igitur
606 3938 881 3989 concubuit
896 3962 940 3989 ι.
953 3942 1077 4003 Qum
1090 3942 1161 3988 sic
1180 3939 1462 3989 contrahas:

434 4042 461 4063 «ι
480 4020 727 4081 Quoniam
748 4018 971 4081 peperit,
998 4036 1113 4067 cum
1141 4020 1249 4067 viro
1280 4032 1467 4067 coucu-

1550 3151 1722 3212 Itsque
1755 3149 1862 3197 haec
1896 3150 2044 3198 verba
2083 3150 2242 3199 delevi
2259 3152 2574 3202 Victorinum

1550 3240 1804 3292 sequutus.
1827 3232 1946 3279 Seu.

1627 3324 1647 3354 ι
1660 3316 1707 3365 4.
1722 3311 1968 3357 Inventum
1985 3309 2212 3374 aliquam
2223 3309 2274 3357 e'n
2287 3310 2580 3375 νευρώδη·

1552 3385 1646 3435 bile
1659 3420 1676 3443 ,
1700 3398 1790 3435 aue
1812 3390 2158 3437 necessarium.
2184 3389 2349 3437 Vertit
2375 3389 2576 3453 gallicus

1551 3465 1790 3530 interpres
1814 3481 1827 3515 :
1849 3466 1920 3515 Ies
1941 3469 2133 3515 mitons
2153 3469 2241 3531 qui
2254 3467 2464 3517 tendent
2487 3481 2581 3515 une

1553 3542 1697 3593 chose
1709 3546 1946 3609 probable
1968 3564 2030 3594 ou
2059 3546 2346 3595 necessaire.

1631 3624 1712 3671 15.
1741 3625 2116 3687 expolitionem.
2147 3625 2334 3677 Gallice
2353 3639 2366 3672 :
2385 3625 2440 3673 la
2463 3625 2584 3675 mise

1554 3716 1616 3748 en
1637 3717 1812 3751 oeuvre.

1623 3782 1758 3829 xLI.
1787 3796 1830 3829 ι.
1857 3781 2001 3831 Βατίο
2031 3782 2136 3829 illa.
2167 3782 2396 3843 Objectio
2431 3798 2578 3845 supra

1555 3860 1742 3909 unissa.

1629 3956 1680 3991 a.
1735 3939 2058 3989 Commoveat.
2110 3937 2246 3985 Leid.
2301 3954 2328 3985 a
2377 3950 2581 3987 moveat.

1559 4020 1734 4068 Utrum
1771 4020 1981 4083 placeat,
2011 4017 2062 4064 h.
2089 4018 2124 4066 1.
2165 4033 2267 4065 uon
2301 4017 2362 4066 de
2397 4018 2581 4067 ciendis

434 4098 547 4147 buit
566 4116 625 4159 »ς
670 4097 949 4163 propositio
996 4108 1045 4147 et
1087 4097 1359 4164 assumptio
1414 4100 1469 4149 in
1560 4098 1832 4149 animorum
1867 4094 2347 4163 perturbationibus,
2391 4095 2476 4145 scd
2522 4096 2584 4147 dc
