2982 4682
721 416 847 483 DE
891 412 1500 497 INVENTloNE‚
1553 416 1818 521 Lmen
1866 418 1977 499 11,
2028 412 2139 487 55.
2357 412 2494 489 503

294 570 313 585 ·
366 536 581 622 item,
605 534 714 607 uti
744 535 1099 609 contraria
1130 559 1374 611 renum
1402 534 1796 625 bonarum,
1831 536 1910 607 in
1944 536 2160 609 rebus
2191 536 2496 614 vitandis

365 654 872 745 reponemus¹¹
886 698 902 717 .
916 649 1017 717 Ac
1031 644 1126 721 de
1140 670 1235 719 eo
1256 644 1554 743 quidem
1578 670 1841 743 genere
1859 646 2275 734 honestatis,
2291 646 2495 744 quod

367 755 575 827 omni
612 779 702 827 ex
748 764 951 851 parte
985 768 1285 853 propter
1316 778 1392 830 se
1430 756 1726 853 petitur,
1755 757 1924 827 satie
1956 755 2226 829 dictum
2267 773 2398 830 est.

462 868 609 935 LV.
650 862 827 960 (tv.)
866 866 1083 938 Nunc
1115 863 1206 939 de
1252 888 1379 952 ee,
1422 866 1498 937 in
1537 888 1691 961 quo
1727 865 1998 937 utilitas
2033 888 2330 962 quoque
2365 864 2494 939 ad-

361 974 722 1071 jungitur,
748 972 953 1071 quod
988 989 1229 1049 tamen
1266 973 1660 1047 honestum
1691 1000 2066 1060 vocamine,
2105 974 2494 1047 dicendum

362 1082 672 1157 videtur.
706 1088 889 1158 Sunt
926 1086 1149 1183 igitur
1184 1085 1445 1172 multa,
1484 1110 1650 1182 quae
1689 1110 1826 1157 nos
1855 1108 2086 1183 quum
2113 1084 2498 1183 dignitate,

365 1208 530 1267 tum
564 1192 811 1266 fructu
855 1218 1155 1292 quoque
1190 1218 1326 1265 suo
1366 1193 1689 1267 ducunt¹
1729 1222 1746 1267 ε
1789 1220 1942 1293 quo
1980 1196 2058 1265 in
2095 1214 2358 1293 genere
2392 1210 2502 1267 est

364 1302 626 1403 gloria,
670 1304 1009 1401 dignitaS,
1062 1304 1499 1402 amplitudo,
1533 1307 1868 1379 amicitia.
1912 1302 2162 1379 Gloria
2205 1321 2314 1391 est
2351 1304 2498 1381 fre·-

365 1438 598 1511 quens
634 1413 727 1485 de
762 1414 1007 1511 aliquo
1048 1412 1242 1487 fama
1277 1438 1449 1489 cum
1497 1414 1708 1487 laude
1743 1442 1764 1485 τ
1805 1415 2152 1513 dignitas,
2191 1416 2496 1511 alicujus

368 1522 673 1596 honesta
694 1576 717 1613 ,
774 1538 847 1598 et
888 1524 1089 1597 cultu
1109 1579 1129 1611 ,
1180 1542 1253 1597 et
1294 1526 1612 1615 honore,
1666 1540 1741 1597 et
1797 1526 2236 1597 verecundia
2281 1524 2500 1623 digna

364 1636 753 1708 auctoritas
786 1662 804 1705 z
840 1635 1282 1733 amplitud0‚
1329 1639 1706 1735 potentiae,
1740 1650 1864 1708 aut
1901 1637 2287 1731 majestatis
2309 1648 2503 1723 ,taut

366 1746 771 1842 aliquarum
840 1748 1215 1845 copiarum
1290 1771 1550 1845 magna
1617 1745 2058 1819 abundantia
2091 1774 2108 1817 z
2149 1748 2459 1819 amicitia
2481 1800 2502 1834 ,

368 1856 709 1929 voluntas
744 1880 913 1955 erga
952 1855 1267 1954 aliquem
1304 1850 1548 1928 rerum
1589 1856 1988 1947 bonarum,
2036 1857 2226 1929 illius
2267 1858 2503 1954 ipsius

370 1988 623 2052 causa,
666 1988 887 2061 quem
926 1964 1195 2063 diligit,
1248 1990 1416 2037 cum
1468 1966 1630 2062 ejus
1682 1967 1834 2063 pari
1890 1965 2278 2037 voluntate.
2331 1970 2497 2052 Hic,

366 2076 540 2171 quia
572 2073 664 2146 de
704 2072 1035 2149 civilibus
1074 2076 1306 2147 causis
1347 2075 1750 2170 loquimur,
1791 2074 2074 2147 fructus
2117 2076 2209 2147 ad
2256 2079 2499 2150 amici·

368 2185 541 2255 tiam
580 2181 1075 2281 adjungimus,
1133 2198 1216 2257 ut
1265 2208 1530 2257 eorum
1567 2210 1866 2283 quoque
1915 2184 2504 2283 causa·petenda

366 2292 700 2370 videatur
738 2320 765 2366 :-
801 2319 895 2366 ne
936 2292 1127 2368 forte
1146 2349 1167 2382 ,
1210 2296 1339 2394 qui
1375 2320 1512 2368 nos
1553 2296 1646 2369 de
1681 2297 1882 2368 omni
1917 2296 2225 2368 amici-tia
2259 2296 2508 2368 dicere-

368 2406 785 2478 existiment
800 2415 856 2490 ²,
875 2405 1413 2502 reprehendere
1436 2407 1802 2504 incipiant.
1819 2409 2275 2504 Quamquam
2295 2419 2466 2476 sunt
2480 2457 2502 2487 ,

372 2520 500 2613 qui
536 2531 839 2614 propter
878 2513 1267 2588 utilitatem·
1289 2515 1940 2615 modo.petendam
1971 2529 2232 2613 putent
2263 2514 2502 2586 amici-

378 2630 581 2713 tiam;
612 2641 783 2699 sunt
806 2681 827 2712 ‚
866 2628 991 2722 qui
1022 2640 1325 2724 propter
1362 2651 1441 2698 se
1474 2625 1752 2712 solum;
1789 2639 1960 2697 sunt
1981 2679 2002 2712 ,
2037 2629 2169 2721 qui
2203 2637 2504 2721 propter

368 2759 445 2808 se
460 2791 481 2824 ‚
510 2749 585 2810 et
611 2736 1017 2810 utilitatem.
1042 2739 1375 2828 Quorum
1397 2735 1576 2832 quid
1605 2739 1970 2808 verissime
1995 2735 2502 2819 constituatur,

368 2845 549 2918 alius
580 2844 785 2918 locus
814 2850 953 2920 erit
991 2846 1528 2920 considerandi.
1569 2851 1779 2919 Nunc
1823 2846 1964 2924 hoc
2007 2845 2110 2916 sic
2143 2843 2235 2916 ad
2285 2867 2510 2916 usum-

376 2960 777 3027 oratoiium
808 2957 1284 3054 relinquatur,
1320 2972 1710 3053 utramque
1743 2968 2045 3054 propter
2075 2965 2228 3025 re'rn
2263 2955 2504 3026 amici-

369 3063 543 3134 tiam
578 3087 733 3134 esse
762 3065 1263 3162 expetendam.
1290 3066 1786 3138 Amicitiarum
1811 3079 2052 3136 autem
2076 3065 2296 3150 ratic,-
2324 3089 2504 3161 quo·-

370 3174 563 3244 niam
608 3174 871 3271 partim
908 3188 1085 3268 sunt
1130 3174 1610 3272 religionibus
1659 3175 1968 3268 junctae,
2025 3175 2288 3272 partim
2337 3196 2506 3244 non

368 3299 567 3368 sunt,
600 3299 673 3355 et
701 3284 875 3381 quia
912 3284 1174 3382 partim
1209 3299 1491 3358 veteres
1529 3301 1703 3356 suut
1723 3341 1742 3372 ‚
1781 3286 2045 3384 partim
2077 3311 2322 3371 novae,
2349 3308 2510 3382 par-

370 3395 496 3464 tim
528 3394 620 3466 ab
650 3395 943 3466 illorum
965 3391 1035 3481 ³,
1056 3397 1317 3495 partim
1344 3394 1441 3466 ab
1473 3411 1724 3468 nostro
1750 3393 2107 3468 beneficio
2128 3394 2468 3494 profectae
2485 3448 2516 3480 ,

446 3557 525 3589 n.
567 3543 626 3590 In
662 3541 801 3590 rebus
835 3540 1059 3590 vitandis
1094 3558 1395 3606 reponemus.
1484 3545 1614 3592 Ειπ.
1655 3573 1725 3582 -
1761 3565 1785 3586 ε
1807 3545 1976 3593 Gloria
2021 3543 2179 3593 duci·
2215 3559 2309 3609 pro
2348 3541 2503 3592 Areh.

368 3623 443 3669 De
482 3637 535 3668 re
578 3623 715 3670 conf.
750 3625 1052 3671 Herennium
1072 3659 1087 3684 ,
1112 3623 1187 3670 111
1204 3659 1219 3684 ‚
1250 3623 1278 3668 3
1300 3660 1315 3686 ,
1347 3633 1398 3671 et
1486 3623 1898 3688 «voluptatibus-
1921 3639 2013 3689 pro
2043 3625 2176 3671 Sext.
2203 3621 2291 3670 66.

366 3703 519 3750 Parit.
546 3703 631 3750 23.
1561 3719 1608 3750 α.
1628 3701 1943 3751 Existimo-nt.
1969 3703 2078 3750 Hoc
2095 3717 2265 3749 verum
2284 3710 2380 3759 est,
2402 3714 2510 3747 non

436 3781 541 3829 LV.
579 3797 624 3830 1.
667 3783 878 3830 Ducunt.
920 3781 1096 3830 Deleto
1124 3803 1147 3823 ιι
1170 3781 1234 3830 nd
1270 3799 1321 3829 oe
1342 3805 1367 3824 υ
1383 3819 1399 3842 ,
1485 3781 1796 3840 existimant,
1827 3793 1882 3829 nt
1903 3782 2108 3846 quisque
2127 3779 2297 3828 audire
2317 3787 2510 3844 potest,

370 3859 511 3924 quod
537 3869 638 3908 tum
667 3861 729 3908 ab
756 3859 893 3919 aliis,
922 3871 1025 3908 tum
1052 3861 1235 3910 nostris
1264 3863 1398 3910 Caes·
1488 3861 1577 3927 qui
1602 3877 1741 3910 auree
1775 3859 1950 3909 latinas
1987 3859 2146 3908 habet.
2186 3860 2310 3906 Item
2351 3873 2468 3904 mox
2495 3869 2510 3904 ε

373 3939 469 3988 Gn.
498 3955 527 3986 2
546 3974 562 3998 ,
596 3951 647 3988 et
670 3939 783 3988 edd.
806 3957 886 4004 pr.
910 3940 1063 3988 abest.
1102 3941 1291 4006 Nempe
1318 3943 1402 3991 hie
1489 3953 1672 3999 «eunt,
1717 3941 1804 4007 qni
1849 3951 2094 4004 putent»,
2133 3951 2187 3986 ut
2227 3934 2376 3986 habet
2423 3935 2516 3984 MS

374 4019 557 4066 ducere
575 4031 647 4066 est
666 4011 928 4067 delectare:
952 4032 1164 4068 ceterum
1185 4044 1209 4062 α
1226 4021 1403 4071 ducere
1495 4023 1626 4072 Cass.
1643 4037 1745 4068 non
1754 4032 1936 4091 putant
1955 4037 1972 4067 .·
2003 4019 2064 4068 de
2085 4035 2186 4085 qno
2209 4019 2328 4068 alibi
2352 4017 2519 4067 admo-

376 4095 441 4145 ιὰ
464 4113 514 4144 ιο
540 4117 562 4138 ι
584 4097 774 4162 phrasis
810 4107 883 4144 ent
916 4097 1041 4146 bene
1068 4096 1245 4160 latina,
1276 4100 1410 4165 apud
1503 4103 1660 4149 nitum
1684 4109 1772 4148 eat.
1791 4103 1919 4148 Ean.

390 4176 671 4225 Ciceronem
688 4211 705 4237 ,
737 4173 885 4226 Offie.
910 4179 962 4235 13
1008 4175 1093 4224 sed
1121 4177 1217 4226 alio
1245 4195 1409 4230 sensu..
1577 4180 1624 4228 3.
1641 4179 1822 4227 Partim
1843 4181 1908 4227 ab
1927 4179 2136 4228 illorum.
2153 4181 2251 4228 Int.
2275 4175 2360 4243 q‘ui
2380 4175 2530 4226 nobi-s
