2982 4682
584 370 722 471 578
1264 372 1361 438 M.
1413 370 1493 437 T.
1546 369 2030 443 CICERONIS

586 492 894 593 plicibus
928 492 1001 562 in
1038 488 1275 561 verbis
1303 494 1401 561 ita
1444 488 1858 574 tractatur-²¹,
1890 507 1971 563 ut
2000 508 2126 565 aut
2167 519 2254 566 ex
2279 497 2504 571 verbo
2529 500 2688 573 dila-

586 621 803 692 tetur,
850 617 974 675 aut
1014 603 1088 673 in
1126 600 1431 673 verbum
1482 601 1952 673 contrahatur
1987 605 2218 676 oratio
2271 632 2287 675 :
2327 632 2416 679 ex
2447 612 2686 695 verbu,

584 740 813 813 quum
842 728 969 784 aut
996 712 1373 810 proprium
1391 766 1410 795 ,
1437 726 1564 781 aut
1594 712 1786 782 idem
1809 712 2214 808 significans
2233 769 2253 801 ,
2283 732 2406 789 aut
2437 716 2684 791 factum

583 824 889 897 verbum
960 825 1037 893 in
1116 821 1326 919 plura
1396 820 1618 892 verba
1687 820 2142 911 diducitur⁴;
2207 850 2296 897 ex
2347 832 2690 913 oratione,

584 959 815 1033 quum
851 947 975 1003 aut
1018 929 1349 1003 definitio
1384 931 1473 1001 ad
1511 955 1738 1001 unum
1779 929 2080 1003 verbum
2120 952 2532 1025 revocatur,
2577 955 2690 1011 aut

580 1056 947 1141 assumpta
980 1039 1200 1111 verba
1232 1056 1730 1127 removentur,
1755 1044 1977 1113 autin
2013 1044 2356 1117 circuitus
2384 1047 2692 1145 dirigim-

580 1152 761 1242 tur⁵‚
780 1167 904 1225 aut
933 1154 1005 1222 in
1036 1152 1552 1247 conjunctione
1571 1148 1654 1221 fit
1683 1177 1910 1222 unum
1941 1152 2242 1225 verbum
2275 1181 2362 1227 ex
2391 1157 2690 1231 duobus.

580 1274 663 1339 In
722 1262 1127 1358 conjunctis
1186 1276 1425 1333 autem
1487 1261 1728 1335 verbis
1781 1262 2040 1361 triplex
2093 1264 2422 1339 adhiberi
2465 1286 2696 1367 potest

578 1369 1133 1457 commutatio⁶,
1184 1396 1335 1443 non
1387 1369 1824 1463 verborum,
1885 1375 2012 1445 sed
2056 1375 2330 1449 ordinis
2389 1394 2696 1453 tantum·

578 1484 839 1555 modo:
864 1496 977 1569 ut,
1008 1504 1233 1576 quum
1264 1480 1483 1552 semel
1514 1479 1785 1553 dictum
1809 1487 1901 1555 sit
1919 1484 2188 1557 directe
2207 1490 2427 1573 ,sicut
2451 1506 2697 1565 natura

550 1599 733 1694 ipsa
768 1592 1083 1673 tulerit7,
1120 1591 1518 1662 invertatur
1561 1590 1782 1678 ord0‚
1830 1609 1902 1665 et
1944 1593 2132 1667 idem
2177 1600 2380 1694 quasi
2414 1624 2694 1672 sursum

576 1727 827 1775 versus
853 1715 1201 1797 retroque
1243 1700 1564 1789 dicatur3
1591 1700 1861 1775 deinde
1885 1703 2076 1777 idem
2117 1706 2452 1779 intercise
2482 1725 2697 1807 atque

577 1814 952 1913 permixte.
982 1810 1391 1907 Eloquendi
1422 1826 1664 1883 autem
1695 1817 2108 1887 exercitatio
2126 1821 2436 1891 maxime
2457 1821 2532 1890 in
2561 1820 2700 1892 hoc

576 1940 734 1997 toto
774 1920 1245 1995 convertendi
1276 1946 1543 2019 genere
1574 1938 1916 1995 versatur.

576 2070 779 2133 ponitur
802 2066 1025 2126 verbnm,
1049 2066 1187 2125 enjus
1224 2075 1299 2113 est
1332 2062 1595 2114 definitio:

577 2150 693 2197 item
717 2162 791 2194 res
816 2144 1107 2209 exprimitur
1136 2159 1225 2206 per
1254 2144 1593 2207 partitionem,

1684 2074 1764 2112 tus
1789 2065 2032 2131 dirigitur,
2060 2076 2146 2116 ant
2167 2068 2220 2115 in
2247 2068 2494 2129 conjunct.
2519 2088 2544 2111 ι
2581 2070 2702 2119 Seu.

1752 2145 1806 2192 6.
1855 2147 1914 2193 In
1956 2146 2228 2213 conjunc-eis
2251 2182 2267 2196 .
2287 2184 2300 2196 .
2322 2180 2338 2193 .
2373 2149 2706 2199 commeatio.

576 2238 660 2275 ant
684 2224 1086 2289 descriptionem,
1106 2221 1316 2285 deniqne
1338 2238 1427 2286 per
1452 2238 1594 2271 snum

576 2320 774 2356 nomen.
818 2322 844 2345 σε
865 2302 1126 2365 Assumpta
1161 2300 1307 2348 verba
1342 2316 1596 2350 removen-

578 2399 659 2442 ωι-
673 2407 699 2428 .-
714 2419 731 2444 ,
752 2399 903 2448 quum
924 2381 1112 2430 sublata
1140 2383 1431 2446 synonymis
1456 2397 1595 2430 exer·

518 2479 528 2489 ·
574 2465 720 2530 gasin,
748 2462 1002 2528 epithetis,
1028 2460 1188 2508 solum
1212 2459 1413 2508 verbum
1436 2461 1590 2522 subji-

574 2548 721 2595 citur.
781 2563 804 2586 ι
836 2544 897 2590 Ῑιι
945 2541 1177 2588 circuitus
1230 2539 1510 2604 diriguntur
1540 2561 1595 2599 n,

577 2639 753 2689 quum,
790 2636 902 2685 quoe
942 2618 1243 2666 membratim
1287 2619 1417 2667 dicta
1452 2628 1591 2678 sunt,

576 2702 641 2752 ad
658 2701 817 2765 copia
834 2699 1065 2763 speciem,
1076 2697 1427 2762 pei-periodum
1443 2713 1596 2746 enun-

577 2783 762 2830 tiantur
776 2813 792 2838 ,
826 2777 961 2840 quod
1000 2791 1133 2840 saepe
1166 2777 1283 2824 facit
1324 2778 1500 2826 Cicero
1541 2777 1597 2824 in

576 2857 882 2910 orationibus
929 2871 942 2904 :
987 2877 1015 2898 ι
1044 2855 1097 2902 in
1142 2852 1493 2915 conjunctione
1539 2853 1596 2902 fit

576 2955 733 2988 nnnm
770 2935 975 2985 verbnm
1008 2950 1035 2982 e
1066 2933 1261 2982 dnobus
1280 2954 1306 2975 n
1323 2968 1340 2993 ,
1375 2934 1413 2982 i.
1438 2949 1481 2982 e.
1508 2951 1599 2998 per

578 3016 1011 3082 compositionem,
1039 3029 1191 3077 quum
1214 3029 1307 3078 pro
1345 3034 1367 3056 ι
1388 3015 1475 3076 qni
1507 3031 1594 3076 pa·

580 3110 702 3148 trem
724 3093 910 3145 occidit
928 3091 1168 3152 indicitur
1174 3091 1449 3156 parricida.
1469 3093 1595 3142 Ean.

653 3173 703 3225 3.
742 3175 1021 3222 noceatur.
1061 3171 1152 3221 Ed.
1176 3173 1302 3221 Ven.
1350 3183 1597 3220 tractetur.

654 3266 703 3311 4.
738 3248 1027 3308 &ducitur-,-
1060 3265 1127 3298 ex
1156 3251 1407 3306 oratione,
1434 3267 1598 3314 quum.

580 3331 837 3384 ach-'itzins
870 3330 956 3379 dst
970 3363 986 3389 ,
1018 3341 1075 3378 nt
1110 3329 1163 3377 in
1200 3329 1451 3377 nonnullis
1480 3330 1597 3378 edd.

576 3413 755 3478 legitur
782 3420 907 3466 teste
926 3409 1267 3460 Gothofredo:
1292 3430 1316 3450 α
1336 3407 1601 3459 diducitur.

578 3497 639 3544 In
664 3492 867 3542 verbnm
892 3501 1053 3539 autem
1080 3488 1387 3538 contrahitur
1412 3489 1597 3549 oratio,

576 3588 731 3638 quum
744 3593 789 3621 a.

653 3654 701 3701 5.
722 3655 825 3699 Aue
854 3649 903 3698 in
921 3645 1149 3698 circuitus
1165 3645 1455 3712 elingahem.
1478 3648 1598 3694 Haec

579 3746 781 3797 prorsus
816 3727 971 3776 aliena
1018 3736 1162 3783 sunt,
1213 3739 1364 3788 quum
1410 3723 1494 3772 hio
1535 3724 1597 3772 de

578 3808 944 3865 contractione,
962 3819 1065 3854 non
1088 3803 1148 3851 de
1180 3803 1463 3852 dilatatione
1488 3819 1598 3867 aga-

576 3901 681 3938 tur.
726 3889 898 3949 Itsqne
940 3883 1163 3948 suspicor
1210 3881 1315 3930 hoec
1350 3899 1442 3932 sno
1482 3883 1595 3931 loco

577 3975 713 4014 mota
734 3977 785 4014 et
802 3976 915 4028 post
939 3961 1020 4010 illa
1040 3983 1061 4004 ι
1076 3971 1161 4008 aut
1190 3961 1366 4010 tactum
1392 3961 1596 4010 verbnm

578 4045 631 4090 in
654 4043 791 4107 plura
820 4041 962 4090 verba
989 4041 1298 4100 diducitur»,
1330 4041 1557 4105 ponenda
1574 4079 1590 4104 ,

574 4129 623 4166 et
642 4121 712 4167 sie
728 4119 986 4168 scribenda
1007 4133 1109 4166 esse
1132 4133 1145 4168 :
1186 4139 1207 4162 ι
1226 4129 1311 4168 ant
1342 4120 1393 4168 in
1421 4119 1594 4170 circui·

1683 2224 1802 2271 Hoec
1829 2224 2118 2273 exciderunt
2145 2243 2172 2274 e
2200 2227 2292 2275 MS
2318 2228 2373 2273 E.
2396 2228 2522 2276 Ean.

1755 2319 1805 2365 7.
1839 2302 1970 2351 Sicut
1997 2315 2174 2352 natum
2206 2303 2313 2371 ἔρσα
2340 2305 2521 2356 tulerit.
2539 2304 2706 2356 Coedo

1681 2381 1969 2432 Ciceronem
1999 2385 2246 2448 scripsisse
2274 2386 2457 2434 tulerat
2473 2403 2492 2432 :
2523 2385 2708 2434 directe

1681 2461 1842 2509 dicere
1869 2475 2029 2510 antem
2057 2473 2160 2524 est,
2190 2479 2342 2527 quum
2369 2481 2444 2511 res
2469 2464 2710 2512 dicuntur

1681 2540 1855 2590 ordine
1880 2553 2093 2600 natm-te,
2113 2555 2168 2592 nt
2191 2543 2331 2606 qnod
2346 2545 2398 2590 in
2421 2559 2480 2592 eo
2503 2556 2579 2592 est
2594 2545 2706 2608 pri·

1679 2635 1845 2680 mum,
1881 2621 2028 2672 etiam
2065 2623 2226 2688 primo
2264 2623 2380 2672 loco
2415 2623 2628 2680 dicatur,
2656 2637 2710 2673 et

1681 2699 1754 2746 sic
1790 2699 2058 2764 deinceps;
2105 2701 2284 2751 deinde
2335 2712 2532 2762 contra,
2589 2704 2708 2752 ulti-

1681 2794 1812 2826 mum
1869 2780 2029 2843 primo
2063 2780 2212 2839 loco,
2249 2781 2460 2845 primum
2491 2781 2710 2842 ultimo,

1679 2858 1798 2906 item
1819 2875 1969 2922 porro
1989 2859 2094 2907 sine
2121 2859 2294 2909 ordine
2317 2861 2520 2910 naturali
2533 2895 2548 2918 ,
2567 2863 2713 2926 quod

1680 2947 1754 2986 est
1775 2937 2000 2986 intercise
2015 2941 2412 3003 atqnepermiawe
2429 2958 2451 2988 .·
2477 2952 2540 2988 nt
2563 2943 2604 2989 si
2631 2941 2714 2990 ‹u-

1683 3017 1812 3066 xeris
1852 3037 1875 3060 ι
1903 3018 2066 3066 omnia
2119 3031 2292 3082 parent
2353 3021 2632 3069 necessitati
2657 3044 2682 3064 ι
2701 3057 2718 3078 ,

1683 3094 1819 3157 qnod
1851 3107 1926 3144 est
1951 3095 2160 3155 directe,
2192 3097 2326 3146 dicas
2357 3099 2548 3146 inverse
2566 3120 2598 3142 ιι
2619 3115 2718 3148 ne-

1685 3173 1894 3222 cessitati
1916 3174 2080 3222 omnia
2105 3185 2284 3242 parent
2301 3198 2346 3235 n,
2375 3164 2457 3224 vel
2476 3177 2720 3226 intercise

1689 3273 1711 3295 ι
1738 3253 1901 3300 omnia
1947 3254 2222 3302 necessitati
2265 3265 2434 3318 parent
2461 3276 2504 3304 ι.
2551 3257 2724 3318 Cujus

1685 3331 1874 3395 generis
1901 3332 2051 3379 multa
2079 3343 2194 3380 sunt
2219 3334 2272 3380 in
2291 3335 2606 3382 orationibus
2628 3337 2729 3385 Ci-

1685 3409 1900 3470 ceronis,
1921 3426 2072 3474 quum
2095 3410 2264 3460 eadem
2287 3427 2363 3460 res
2397 3415 2576 3478 sepius
2609 3427 2730 3463 ent

1685 3485 1907 3536 dicendi.
1945 3491 2161 3538 Ennn.
2191 3514 2263 3527 -
2285 3492 2337 3540 J.
2355 3493 2422 3539 V.
2451 3493 2508 3538 1..
2535 3509 2726 3542 exen-

1685 3566 1771 3631 plo
1795 3567 1940 3616 affert
1959 3567 2084 3617 illud
2105 3569 2211 3620 Cic.
2235 3585 2329 3633 pro
2353 3569 2538 3620 Cocin-
2563 3587 2622 3620 ο.
2649 3576 2686 3622 3
2713 3589 2732 3622 :

1685 3647 1851 3709 «Quia
1885 3663 1962 3696 res
1993 3648 2196 3713 indigna
2232 3649 2326 3709 ait,
2353 3648 2470 3697 ideo
2511 3661 2730 3715 tna-pen

1681 3725 2087 3776 existimationem
2141 3727 2309 3792 seqni;
2361 3728 2480 3792 qnia
2543 3731 2734 3796 tna-pia

1687 3806 1980 3854 existimatio
2007 3817 2251 3870 sequetur,
2273 3806 2389 3856 ideo
2425 3823 2532 3855 rem
2571 3811 2730 3858 iudi-

1683 3899 1825 3948 gnam
1846 3901 1945 3934 non
1965 3885 2170 3950 judicari
2183 3902 2240 3946 »ς
2259 3887 2732 3952 illudqnevirgilii,

1683 3963 1997 4027 EclogNIlI,
2023 3974 2088 4027 49
2113 3980 2126 4014 τ
2149 3987 2175 4007 α
2192 3965 2416 4016 Crudelis
2431 3979 2600 4016 mater
2623 3985 2732 4016 ma—

1682 4042 1773 4107 gis,
1797 4059 1862 4092 an
1887 4059 2008 4107 puer
2033 4045 2096 4092 im
2101 4045 2285 4109 probus
2301 4045 2384 4094 ille
2399 4047 2422 4092 ἓ
2439 4047 2733 4110 Improba

1680 4121 1764 4169 ille
1783 4137 1905 4187 puer
1922 4140 1934 4170 ε
1963 4123 2170 4172 crudelis
2190 4134 2244 4171 tu
2259 4139 2461 4189 quoqne
2487 4135 2666 4176 meter
2683 4147 2732 4172 ο.
