2982 4682
780 344 903 411 DE
950 340 1554 427 INVENTIONE,
1603 346 1871 415 LIBER
1919 347 1988 430 Ι,
2037 366 2143 439 17:
2377 346 2508 417 311

396 488 551 539 esse
607 464 1015 551 dicturum,
1071 488 1311 561 neque
1355 464 1538 550 hoc,
1583 489 1820 562 neque
1863 462 2042 537 illud
2090 492 2106 535 ε
2151 480 2234 538 ut
2283 492 2523 566 neque

396 588 639 672 aperte
670 572 884 645 laedas
918 596 1075 663 eos»,
1116 576 1244 671 qui
1276 574 1700 672 diliguntur,
1729 590 1804 647 et
1835 590 2078 647 tamen
2108 574 2181 648 id
2214 575 2522 650 obscure

396 686 661 757 faciens
678 738 698 773 ,
722 683 963 781 quoad
986 688 1251 782 possiS,
1282 684 1548 756 alienes
1576 684 1667 757 ab
1698 687 1800 757 eis
1821 684 2234 758 auditorum
2267 687 2523 759 volun·-

394 809 658 883 tatem3
698 808 771 865 et
794 794 1205 891 aliquorum
1236 793 1592 891 judicium
1625 796 1838 867 simili
1863 794 1956 869 de
1977 821 2056 868 re
2075 851 2096 885 ,
2126 811 2252 869 aut
2279 810 2522 870 aucto-

316 920 345 1007 J
394 904 679 976 ritatem
700 902 1020 1001 proferre
1048 904 1445 975 imitatione
1474 903 1805 1002 dignam3
1831 905 2136 979 deinde⁷
2171 906 2520 997 eamdem,

393 1028 519 1085 aut
544 1014 985 1085 consimilem
1006 1066 1029 1101 ‚
1068 1028 1193 1085 aut
1228 1016 1575 1110 majorem
1596 1070 1616 1104 ‚
1654 1029 1778 1087 aut
1813 1017 2170 1089 minorem
2203 1020 2318 1114 agi
2359 1042 2516 1091 rem

393 1124 470 1193 in
513 1124 894 1222 praesentia
915 1114 947 1166 ⁸
983 1123 1504 1197 demonstrare.

486 1236 611 1306 Sin
662 1234 897 1305 oratio
952 1233 1528 1309 adversariorum
1571 1235 1788 1309 fidem
1830 1237 2192 1311 videbitur
2233 1240 2516 1313 audito·

390 1344 591 1417 ribus
624 1342 875 1417 fecisse
888 1350 946 1433 9,
982 1343 1058 1417 id
1088 1344 1291 1442 quod
1318 1356 1380 1391 ¹⁰
1408 1347 1512 1431 ei,
1539 1348 1666 1443 qui
1695 1347 2030 1445 intelligit
2049 1404 2070 1436 ‚
2105 1348 2376 1446 quibus
2407 1375 2520 1422 re-

388 1454 527 1527 bus
562 1455 743 1528 fides
774 1454 936 1543 fiat,
976 1453 1182 1528 facile
1219 1457 1355 1529 erit
1388 1459 1688 1553 cognitu
1728 1485 1743 1528 ε
1786 1473 2078 1556 oportet
2105 1474 2232 1530 aut
2265 1459 2357 1532 de
2383 1484 2474 1531 eo
2495 1514 2516 1547 ‚

388 1565 589 1664 quod
610 1566 994 1640 adversarii
1022 1556 1159 1639 sibi
1185 1566 1676 1641 firmissimum
1708 1570 2070 1667 putarint,
2099 1583 2172 1641 et
2207 1570 2518 1641 maxime

384 1680 435 1748 ii
452 1680 614 1777 ‚qui
631 1678 993 1750 audierint
1010 1687 1101 1766 ²¹,
1117 1678 1518 1776 probarint,
1538 1681 1852 1777 primum
1881 1694 1954 1751 te
1973 1679 2338 1751 dicturum
2362 1681 2518 1778 pol-

382 1789 618 1876 liceri;
651 1804 777 1860 aut
808 1790 901 1861 ab
934 1789 1320 1861 adversarii
1351 1788 1547 1860 dicto
1577 1787 1934 1877 exordiri,
1973 1804 2048 1860 et
2066 1788 2158 1860 ab
2185 1814 2272 1862 eo
2301 1792 2516 1887 potis-

384 1901 679 1988 simum,
723 1899 919 1997 quod
962 1901 1081 1972 ille
1120 1901 1538 1999 nuperrime
1581 1899 1876 1985 dixeritt,
1909 1913 2034 1970 aut
2058 1897 2520 1973 dubitatione

382 2012 595 2097 utin,
638 2010 817 2109 quid
848 2014 1163 2110 primum
1201 2010 1437 2097 dicas,
1505 2024 1631 2081 aut
1681 2014 1800 2081 cui
1852 2010 2304 2109 potissimum
2347 2011 2510 2083 loco

381 2121 815 2220 respondeas
836 2176 855 2206 ‚
893 2145 1057 2193 cum
1105 2121 1580 2192 admiratione
1601 2112 1684 2189 ¹3.
1725 2122 1906 2191 Nam
1946 2119 2233 2191 auditor
2273 2144 2506 2216 quum

380 2256 549 2303 eum
568 2285 589 2319 ,
610 2256 829 2330 quem
844 2232 1227 2304 adversarii
1246 2228 1750 2330 perturbatum
1775 2242 2034 2327 putant
2067 2229 2398 2301 oratione
2417 2228 2506 2317 ¹4,

378 2341 570 2415 videt
606 2347 849 2416 animo
874 2341 1288 2416 firmissimo
1307 2338 1373 2388 ¹⁵
1401 2356 1656 2414 contra
1689 2339 1928 2414 dicere
1962 2354 2330 2438 paratum,
2354 2339 2512 2439 ple-.

375 2477 685 2550 rumque
722 2479 799 2525 se
834 2458 1077 2552 potius
1110 2467 1379 2538 temere
1418 2451 1829 2539 assensisse,
1871 2475 2092 2548 quam
2119 2449 2324 2520 illum
2351 2451 2506 2522 sine

376 2586 587 2634 causa
613 2562 979 2636 confidere
1012 2563 1423 2634 arbitratur.

469 2673 592 2744 Sin
660 2672 1006 2745 auditoris
1068 2672 1387 2744 studium
1450 2671 1862 2771 defatigatio
1883 2667 1948 2718 ¹⁶
1991 2671 2416 2744 abalienavit
2459 2697 2508 2744 a

446 2841 494 2886 7.
512 2823 703 2875 Deinde
722 2826 961 2874 eamdem.
980 2824 1181 2872 Lnllem.
1208 2847 1235 2867 u
1250 2824 1387 2872 deiu-
1553 2841 1632 2874 n.
1651 2821 1968 2872 Dubieau'ono
1981 2821 2070 2872 uei.
2090 2823 2265 2872 Dicere
2289 2833 2336 2872 te
2353 2822 2501 2872 dnbi-

372 2903 435 2952 de
457 2913 541 2952 aut
564 2905 779 2953 eumdem
797 2926 839 2954 n.
1476 2915 1577 2952 tare
1590 2939 1605 2962 ,
1627 2903 1829 2952 nescire.
1853 2903 2032 2950 Wrrz.

442 2983 496 3032 8.
544 2985 607 3032 In
642 2982 918 3048 prasentia.
963 2980 1219 3032 Schiitzius
1273 2999 1391 3031 oum
1552 2983 1630 3033 13.
1648 2983 1763 3031 Cum
1781 2979 2122 3030 admiracione.
2142 2979 2496 3040 Adminmem,

368 3061 567 3110 Granio
604 3079 635 3110 e
682 3061 798 3112 cod.
838 3061 939 3111 Erf.
980 3073 1031 3112 et
1076 3063 1253 3112 Duisb.
1289 3085 1316 3106 α
1332 3062 1383 3110 in
1474 3077 1575 3126 quo
1605 3059 1796 3108 taudem
1823 3057 1974 3107 modo
2001 3057 2276 3107 istiusmodi
2294 3059 2496 3109 crimina

367 3141 593 3205 pimenti
612 3163 653 3190 ι.
1473 3151 1645 3189 eontra
1690 3149 1740 3188 te
1787 3137 1996 3202 proten-i
2042 3136 2294 3201 potuerint
2331 3153 2346 3188 ε
2394 3154 2494 3203 qno

438 3235 488 3282 9.
509 3218 595 3267 Sin
625 3219 785 3268 oratio
818 3219 1211 3270 adversariorum
1220 3221 1383 3290 fidem
1472 3235 1618 3267 sensu
1639 3217 1874 3282 Xenoph.
1903 3219 2052 3265 Mem.
2079 3218 2130 3274 1,
2173 3231 2196 3263 1
2212 3250 2228 3275 ‚
2264 3215 2491 3276 πολλάκις

364 3295 614 3346 videbitur
652 3296 951 3348 auditoribus
977 3298 1182 3362 fecisse.
1228 3299 1382 3351 Cous.
1469 3297 1736 3366 ἐθαύμασα.

362 3379 579 3427 Hei-eun.
601 3379 652 3434 1,
678 3379 726 3425 6.
1547 3387 1627 3435 14.
1652 3373 1990 3424 Pet-turbatum
2022 3383 2210 3439 putant
2247 3375 2490 3427 oratione.

438 3467 517 3503 to.
542 3455 611 3503 td
630 3456 765 3520 quod
781 3455 844 3505 ei.
860 3455 1047 3504 Addidi
1073 3457 1149 3517 id,
1164 3467 1217 3504 ut
1242 3457 1380 3504 Lam-
1468 3457 1605 3505 Man.
1633 3478 1659 3499 α
1676 3454 2012 3520 perturbatum
2043 3464 2187 3518 putat
2218 3455 2439 3506 oratione
2449 3479 2492 3508 a.

360 3534 509 3582 binus
536 3534 677 3592 fecit,
704 3525 754 3582 et
780 3535 943 3583 (ἶπον.
968 3537 1053 3599 qui
1080 3537 1133 3583 in
1157 3549 1261 3583 uno
1286 3534 1377 3584 Ms
1465 3535 1637 3584 Lamb.
1667 3533 2046 3599 «perturbatum
2066 3543 2246 3598 putant
2263 3550 2348 3584 suo
2373 3552 2481 3585 or.-

360 3613 432 3662 nic
475 3615 679 3678 κριτὴς
722 3623 771 3661 et
812 3613 911 3660 buo
948 3612 1137 3662 ducunt
1177 3614 1377 3677 reliqui,
1464 3615 1616 3663 Ouv.
1657 3641 1728 3650 —
1755 3610 1954 3662 Schu‘itz.
1999 3611 2083 3660 dat
2127 3629 2241 3660 cum
2289 3615 2487 3664 Lallem.

358 3693 506 3740 etiam
535 3692 669 3741 Cau.
698 3693 791 3741 Gn.
816 3707 862 3751 ι,
888 3692 975 3756 qui
996 3692 1179 3741 habeut
1207 3692 1373 3756 idque.
1460 3704 1637 3758 putat,
1669 3709 1732 3740 ex
1761 3691 2052 3740 auctoritate
2087 3691 2253 3740 Ursini
2269 3727 2284 3754 ,
2326 3709 2355 3739 a
2391 3711 2492 3757 quo

358 3770 501 3820 Clare
534 3769 591 3819 id
620 3769 759 3835 quod
794 3769 975 3819 habent
1017 3769 1131 3818 edd.
1165 3769 1373 3821 Mediol.
1464 3773 1593 3821 hano
1609 3771 1858 3820 inventam
1883 3786 1986 3818 este
2008 3767 2120 3818 leot.
2138 3771 2192 3816 in
2211 3771 2302 3820 MS
2322 3771 2463 3821 dicit.

362 3851 523 3912 1498,
543 3849 891 3899 sunnl’rimn·
913 3849 1068 3897 Aldus
1091 3848 1227 3897 dedit
1247 3850 1377 3898 nudo
1452 3871 1479 3882 x
1543 3851 1621 3900 15.
1667 3847 1978 3898 Hmissimo.
2025 3845 2305 3909 torcissgimo
2351 3850 2486 3901 Oliv.

358 3928 509 3992 quod.
534 3929 654 3977 Bru.
684 3927 879 3976 lallan-
897 3926 1059 3992 idque.
1464 3927 1662 3978 hilum.
1689 3943 1790 3977 non
1815 3926 1954 3974 bene.

436 4021 518 4057 ιι.
545 4006 645 4071 Qui
666 4005 925 4056 audierint.
961 4004 1159 4055 Sohiitz.
1196 4023 1227 4054 e
1264 4007 1374 4056 cod.
1541 4007 1623 4057 16.
1651 4006 1736 4055 Sin
1770 4004 2014 4054 auditoris
2052 4002 2262 4052 studium
2302 4003 2484 4070 delati-

359 4086 545 4136 Caueb.
567 4097 617 4136 et
642 4085 781 4134 Laid.
809 4087 837 4134 3
856 4120 869 4145 ‚
903 4107 927 4128 ι
947 4087 1031 4150 qui
1058 4087 1257 4136 audient
1272 4107 1317 4136 ι.
1460 4085 1620 4150 goeio.
1643 4085 1720 4135 Cf.
1742 4087 1954 4132 Henna.
1975 4085 2021 4142 Ι,
2043 4083 2095 4133 6.
