2982 4682
730 391 854 459 DE
904 384 1504 470 INVENTIONE,
1560 386 1832 455 LIBER
1883 388 1985 473 11,
2023 391 2134 473 44.
2347 394 2492 488 479

356 525 606 583 utrum
636 512 985 605 scripturn
1022 520 1236 601 neget
1266 530 1419 576 esse
1446 530 1538 577 eo
1575 507 1798 579 modo
1817 562 1836 594 ,
1879 532 1974 579 an
2006 508 2098 581 ab
2123 535 2202 583 se
2236 530 2489 587 contra

356 619 627 692 factum
650 644 837 706 esse,
874 632 1000 688 aut
1028 630 1281 688 eontra
1300 617 1642 691 cont-endi
1675 632 1929 715 neget;
1952 634 2198 693 utrum
2225 648 2484 721 negare

356 754 573 803 ausus
618 732 753 817 sit,
800 752 877 799 se
930 726 1170 799 dicere
1214 722 1660 814 desiturum3
1715 729 1773 797 si
1833 744 2174 801 neutrum
2234 752 2486 829 neget,

359 856 431 913 et
468 854 723 913 contra
762 854 1005 909 tamen
1041 836 1234 911 dicat
1257 890 1275 922 ‚
1314 835 1493 909 nihil
1527 862 1680 909 esse
1705 892 1724 925 ‚
1775 864 1924 935 quo
1953 839 2320 916 hominem
2353 849 2484 917 im-

354 950 867 1049 pudentiorem
904 949 1292 1044 quisquam
1318 970 1394 1017 se
1427 948 1754 1021 visurum
1789 948 2200 1023 arbitretur.
2231 959 2313 1025 In
2348 956 2489 1027 hoc

357 1064 456 1131 ita
492 1058 929 1131 commorari
968 1060 1389 1145 conveniet,
1434 1060 1640 1155 quasi
1674 1057 1857 1127 nihil
1885 1074 2226 1155 praeterea
2255 1061 2494 1135 dicen·-
2570 1116 2576 1121 -

356 1170 533 1241 dum
574 1171 697 1254 sit,
744 1184 817 1239 et
854 1172 1057 1264 quasi
1106 1181 1355 1240 contra
1403 1168 1547 1239 dici
1593 1167 1774 1241 nihil
1827 1173 2091 1267 possit,
2142 1197 2330 1270 saepe
2367 1174 2484 1259 id,

360 1279 563 1378 quod
599 1280 943 1376 scriptum
990 1292 1128 1365 est,
1165 1277 1588 1365 recitando-5
1635 1295 1824 1376 saepe
1867 1304 2030 1351 cum
2077 1286 2344 1379 scripto
2381 1282 2486 1355 fa-

358 1404 555 1461 ctum
600 1388 985 1459 adversarii
1020 1385 1476 1484 confligendo
1495 1415 1524 1475 3·
1559 1402 1780 1486 atque
1805 1389 2182 1461 interdum
2227 1395 2486 1463 acriter

354 1498 446 1569 ad
479 1495 796 1591 judicem
832 1498 1067 1593 ipsum
1106 1495 1564 1569 revertendo.
1593 1500 1764 1587 Quo
1801 1500 1876 1568 in
1913 1498 2078 1570 loco
2110 1499 2336 1595 judici
2365 1502 2486 1572 de-

354 1606 903 1678 monstrandum
924 1621 1065 1690 est,
1098 1606 1277 1702 quid
1294 1607 1576 1705 juratus
1595 1608 1725 1693 sit,
1751 1608 1926 1703 quid
1949 1614 2156 1705 sequi
2183 1610 2477 1696 debean

353 1716 638 1789 duabus
668 1717 761 1789 de
794 1721 1027 1788 causis
1063 1716 1385 1813 judicem
1439 1714 1773 1787 dubitare
1815 1710 2192 1814 oportere,
2253 1720 2315 1791 si
2356 1734 2481 1791 aut

354 1828 701 1925 scriptum
745 1828 839 1897 sit
870 1825 1202 1910 obscure,
1252 1841 1379 1897 aut
1417 1840 1634 1922 neget
1678 1824 1952 1922 aliquid
2006 1826 2474 1901 adversarius

352 1943 597 2031 Quum
628 1952 699 2007 et
732 1938 1077 2035 scriptum
1102 1930 1133 1981 ⁸
1178 1949 1424 2032 aperte
1459 1936 1588 2022 sit,
1637 1949 1710 2005 et
1747 1933 2192 2008 adversarius
2232 1944 2474 2015 omnia

350 2046 802 2134 confiteatur,
828 2061 983 2118 tum
996 2044 1313 2140 judicem
1342 2044 1483 2141 legi
1511 2068 1765 2142 parere
1787 2094 1807 2131 ‚
1837 2070 1986 2117 non
2013 2048 2475 2148 interpretari
2529 2042 2532 2045 ’

350 2159 583 2255 legem
626 2169 987 2254 oportere.

446 2270 696 2341 XLIV.
751 2266 1000 2364 (κων.)
1052 2268 1213 2335 Hoc
1271 2263 1433 2333 loco
1474 2260 1934 2351 confirmat0‚
1991 2277 2148 2334 tum
2201 2265 2473 2338 diluere

350 2401 471 2464 ea,
515 2400 677 2474 quae
714 2390 967 2447 contra
999 2373 1141 2444 dici
1178 2387 1513 2472 poterant
1533 2384 1582 2460 ¹,
1622 2373 2010 2470 oportebit.
2037 2379 2309 2447 Contra
2353 2401 2476 2448 au-

350 2502 499 2560 tem
532 2487 835 2573 dicetur,
874 2489 934 2557 si
966 2499 1091 2555 aut
1124 2509 1422 2582 prorsus
1466 2482 1662 2554 aliud
1701 2486 2003 2556 sensisse
2037 2487 2362 2583 scriptor,
2403 2503 2477 2558 et

349 2597 715 2696 scripsisse
763 2595 958 2668 aliud
1013 2593 1680 2666 demonstrabitur:
1738 2609 1822 2685 ut
1865 2595 1941 2665 in
1985 2595 2103 2665 illa
2139 2596 2230 2667 de
2269 2611 2478 2668 testa-

348 2723 634 2794 mento,
676 2731 893 2806 quam
934 2707 1346 2804 posuimus,
1384 2705 1911 2791 controversia3
1969 2720 2095 2775 aut
2123 2731 2330 2778 causa
2363 2733 2474 2778 as-

347 2823 745 2917 sumptiva²
783 2815 1160 2903 inferetur,
1209 2813 1686 2912 quamobrem
1723 2815 1990 2911 scripto
2017 2840 2165 2886 non
2204 2832 2466 2913 potue-

348 2929 480 3013 rit,
514 2942 638 2998 aut
668 2951 815 2997 non
844 2926 1251 3024 oportuerit
1278 2923 1786 3021 obtemperari.
1833 2925 1904 2993 Si
1939 2923 2134 2994 aliud
2168 2929 2472 2998 sensisse

348 3036 682 3132 scriptor,
725 3033 921 3103 aliud
960 3034 1321 3132 scripsisse
1360 3031 1675 3117 dicetur,
1707 3032 1766 3102 is
1786 3085 1806 3117 ,
1850 3034 1976 3129 qui
2011 3035 2280 3132 scripto
2317 3051 2470 3108 ute-

346 3160 493 3233 tur,
534 3143 675 3215 hoc
716 3139 933 3229 dicet,
982 3167 1135 3212 non
1185 3155 1530 3239 oportere
1571 3141 1663 3213 de
1712 3142 1870 3238 ejus
1919 3142 2290 3217 voluntate
2336 3172 2472 3218 nos

346 3325 517 3374 condo.
542 3322 799 3376 Schiitzius
825 3321 908 3372 dat
927 3343 950 3366 ιι
964 3322 1102 3388 qnasi
1124 3321 1177 3370 ίιι
1202 3322 1361 3369 inten-

348 3404 496 3452 tionis
509 3405 675 3453 locum
693 3399 1015 3470 producendo
1028 3401 1361 3465 ».Vulgatum,

1448 3320 1764 3384 sequentibus
1797 3321 1958 3394 verbis
1999 3323 2244 3388 explieat;
2283 3335 2334 3374 et
2359 3323 2472 3391 quin

1446 3399 1553 3448 haec
1580 3397 1867 3466 metaphora
1895 3401 2063 3466 paullo
2091 3403 2326 3452 audacior
2343 3406 2476 3454 vide.-

345 3483 535 3548 inquit,
572 3482 690 3546 quid
721 3483 785 3530 eit
810 3497 910 3529 non
937 3481 1087 3544 magis
1126 3479 1363 3544 explicari

343 3573 537 3627 potent,
562 3578 708 3626 quam
734 3559 870 3626 quod
896 3561 949 3608 in
976 3560 1084 3607 aliis
1112 3551 1265 3616 est‚'«
1287 3559 1363 3606 iu·

346 3641 586 3690 tendentis
600 3641 715 3688 loco
728 3663 771 3687 ι.
785 3642 845 3687 In
868 3639 979 3688 cod.
996 3639 1172 3687 Altors.
1189 3637 1361 3686 scribi-

342 3730 425 3769 tur
451 3721 605 3768 locum
620 3737 641 3775 ,·
664 3730 713 3768 et
737 3735 831 3784 pro
856 3739 877 3760 a
897 3717 1181 3765 intentantis
1198 3738 1223 3758 ιι
1256 3718 1363 3781 ipse

342 3823 367 3842 a
385 3801 439 3846 in
484 3799 769 3846 intentionis
788 3819 809 3840 ι·
856 3795 1128 3845 emendavi.
1172 3795 1361 3859 Nempe

342 3867 669 3925 adi'ersarium
694 3897 719 3917 α
736 3875 871 3938 quasi
900 3875 951 3921 in
978 3872 1268 3921 intentionis
1292 3871 1365 3918 lo-

342 3972 457 4004 cum
478 3955 752 4020 producere
776 3975 797 3996 ι
824 3951 1061 4016 significet
1079 3987 1092 4011 ‚
1120 3967 1231 3999 enm
1261 3950 1363 3998 adi-

342 4051 477 4099 gete,
514 4043 572 4081 ut
606 4035 710 4098 ipse
748 4033 1063 4080 intentionem
1083 4045 1217 4078 suam
1242 4045 1363 4094 pro-

346 4113 569 4162 nuntiare
596 4121 821 4183 cogetur,
866 4109 1001 4172 quod
1044 4110 1217 4158 Cicero
1260 4110 1364 4172 ipse

1446 3478 1622 3538 batur,
1669 3495 1774 3526 enm
1818 3479 1990 3529 Cicero
2035 3481 2285 3550 praemisso
2331 3485 2476 3548 quasi

1449 3557 1640 3616 mollit,
1664 3568 1723 3606 ut
1749 3574 1898 3623 saepe.
1930 3561 2046 3608 Seu.

1525 3639 1571 3685 8.
1616 3639 1774 3700 Quum
1819 3649 1868 3684 et
1913 3638 2146 3704 scriptum
2187 3653 2350 3705 aperte
2390 3645 2471 3692 εῖτ.

1448 3715 1647 3763 Lnllem.
1675 3716 1810 3764 dedit
1840 3737 1862 3758 ι
1883 3719 2048 3780 Quum
2072 3729 2121 3766 et
2147 3720 2383 3784 scriptum
2408 3727 2472 3772 sit

1448 3804 1617 3859 aperte
1635 3829 1648 3852 ,
1678 3806 1726 3842 et
1751 3795 2051 3844 adversarius
2064 3819 2104 3842 n.

1520 3875 1702 3923 XLIV.
1737 3867 2063 3924 1.'P⁰eerane.
2103 3873 2361 3926 Schiitzius
2386 3880 2471 3929 dat

1445 3963 1688 4016 poterunt.

1525 4045 1578 4080 α.
1608 4031 1770 4078 Causa
1789 4031 2183 4096 assumptiva.De
2203 4049 2294 4097 qua
2317 4054 2360 4084 c.
2383 4047 2470 4096 4¹²·

1450 4109 1623 4158 Wrrz.
