2982 4682
450 322 592 408 456
1131 323 1228 390 Μ.
1281 324 1359 389 Τ.
1411 323 1893 392 CICERONIS

450 440 894 540 improbam,
935 455 1010 512 et
1061 442 1495 538 imperatore
1546 439 1988 512 Samnitibus
2040 441 2351 530 dedum,
2400 449 2567 542 qui-

451 549 612 620 dam
659 552 734 620 in
769 563 1024 620 senatu
1057 573 1224 620 eum
1255 573 1555 647 quoque
1584 549 1796 636 dicit,
1834 552 1961 647 qui
2000 576 2289 649 porcam
2316 569 2569 625 tenue·

451 663 586 742 rit,
633 658 800 730 dedi
855 675 1192 756 oportere
1219 691 1275 729 n.
1321 661 1639 730 Intentio
1698 673 1845 746 est,
1894 691 1928 725 α
1964 661 2149 732 Dedi
2198 677 2487 759 oportet
2509 693 2569 733 n.

453 767 795 867 Depulsio
833 786 976 857 est,
1019 800 1052 834 c<
1090 775 1254 842 Non
1299 784 1591 868 oportet
1620 799 1674 839 n.
1730 772 2047 859 Quaestio
2092 784 2228 858 est,
2264 801 2299 834 α
2328 777 2567 869 Opor-

455 895 764 950 teatne».
804 882 1011 950 Ratio
1052 895 1199 967 est,
1239 884 1460 952 «Non
1506 882 1699 950 enim
1742 903 1987 950 meum
2026 877 2165 949 fuit
2200 877 2518 950 officium
2542 931 2565 966 ,

455 1015 589 1062 nec
643 1015 804 1062 mea
857 1005 1211 1087 potestaS,
1271 1015 1498 1088 quum
1546 1004 1621 1060 et
1680 988 1755 1059 id
1816 993 2073 1076 aetatiS,
2117 1004 2189 1058 et
2250 991 2569 1086 privatus

351 1156 359 1164 ,
451 1123 717 1186 essem,
759 1114 832 1169 et
869 1115 1053 1171 esset
1103 1123 1382 1170 summa
1425 1123 1594 1170 cum
1634 1101 2053 1170 auctoritate
2094 1112 2166 1168 et
2209 1112 2569 1195 potestate

453 1211 881 1306 imperator,
911 1210 1036 1305 qui
1077 1208 1386 1296 videret,
1423 1224 1507 1279 ut
1538 1213 1705 1280 satis
1734 1208 2114 1280 honestum
2146 1207 2383 1279 foedus
2410 1207 2573 1278 feri-

450 1333 653 1420 retur
671 1347 722 1386 υ.
762 1315 1162 1388 Infirmatio
1197 1331 1336 1401 est,
1371 1347 1406 1383 α
1441 1321 1534 1387 At
1566 1320 1754 1388 enim
1782 1315 1836 1403 ⁸,
1875 1321 2219 1415 quoniam
2250 1333 2333 1387 tu
2358 1319 2573 1414 parti-

453 1451 624 1523 ceps
661 1424 888 1498 factus
931 1451 1006 1498 es
1054 1429 1126 1496 in
1177 1427 1595 1525 turpissimo
1638 1425 1909 1499 foedere
1954 1451 2248 1498 summae
2288 1428 2571 1523 religio-

456 1536 568 1606 nis
585 1545 640 1621 9,
674 1533 840 1604 dedi
875 1551 943 1605 te
973 1538 1308 1606 convenit
1328 1567 1384 1608 n.
1417 1535 1771 1608 Judicatio
1802 1551 1944 1624 est,
1982 1565 2020 1601 α
2046 1540 2293 1627 Quum
2318 1538 2415 1622 is,
2445 1539 2573 1632 qui

455 1644 828 1739 potestatis
855 1643 1034 1714 nihil
1061 1644 1392 1717 habuerit
1410 1699 1430 1734 ,
1453 1647 1659 1739 jussu
1688 1647 2139 1742 im'peratoris
2164 1647 2239 1716 iu
2268 1643 2571 1734 foedere,

458 1767 531 1823 et
567 1753 644 1821 in
683 1767 876 1823 tanta
916 1753 1261 1850 religione
1307 1755 1757 1844 interfuerit,
1810 1753 2182 1828 dedendus
2226 1758 2317 1823 sit
2352 1753 2573 1824 hosti·

459 1860 598 1932 bus
625 1870 715 1946 ¹⁰,
735 1885 964 1933 necne
981 1892 1034 1932 n.
1061 1869 1214 1935 Hoc
1241 1889 1468 1962 genus
1496 1889 1724 1935 causae
1757 1887 1922 1934 cum
1950 1864 2317 1960 superiore
2334 1872 2393 1906 ¹¹
2434 1861 2577 1933 hoc

458 1968 735 2058 differt,
777 1973 976 2069 quod
1003 1976 1078 2042 in
1107 1974 1232 2043 illo
1266 1973 1596 2046 concedit
1616 1999 1691 2044 se
1718 1999 1884 2044 reus
1912 1975 2317 2088 oportuisse
2344 1970 2578 2043 facere

459 2081 572 2168 id,
623 2081 820 2176 quod
859 2081 1018 2152 fieri
1067 2083 1255 2153 dicat
1299 2098 1671 2154 accusator
1718 2084 2156 2179 oportuisse,
2206 2083 2331 2152 sed
2368 2083 2577 2152 alicui

455 2193 599 2278 rei,
643 2205 765 2261 aut
805 2191 1082 2262 homini
1128 2217 1411 2264 causam
1447 2192 1814 2277 attribuit,
1853 2215 2013 2287 quae
2048 2190 2403 2261 voluntati
2433 2214 2581 2260 suae

457 2297 676 2373 fuerit
711 2301 1232 2401 impedimento
1253 2358 1272 2393 ,
1311 2305 1466 2376 sine
1498 2303 1985 2375 concessionis
2020 2299 2378 2397 partibus;
2410 2323 2575 2370 nam

460 2533 626 2581 eadem
645 2550 715 2581 re.
739 2536 812 2583 De
839 2550 986 2598 porca
1015 2550 1134 2583 enea
1161 2536 1212 2582 in
1233 2532 1350 2583 foed.
1369 2534 1482 2583 vide
1572 2534 1871 2582 voluntatem
1890 2550 1947 2581 ae
1969 2532 2275 2591 sententiam,
2292 2532 2451 2580 foedna
2468 2546 2579 2579 cun

459 2612 582 2661 Intt.
625 2612 686 2661 ad
715 2613 889 2677 Virgil.
920 2615 1114 2665 AEneid.
1141 2616 1291 2673 vm,
1331 2614 1429 2669 642
1463 2628 1476 2663 t
1566 2612 1789 2659 hostibus
1820 2612 2053 2673 tertis-et,
2090 2624 2143 2659 ut
2176 2611 2387 2675 populus
2423 2626 2582 2657 roma·

461 2712 486 2731 οι
497 2706 616 2737 caeaa
629 2690 898 2753 jungebant
917 2691 1093 2739 foedera
1113 2709 1264 2756 porca
1281 2714 1301 2735 a·
1316 2693 1475 2755 gquod

462 2768 542 2815 hic
563 2780 637 2816 eat
651 2768 711 2817 de
727 2780 923 2817 tenente
941 2770 1320 2834 porcam,'quum
1339 2769 1480 2817 caedi·

463 2856 560 2905 tur,
583 2864 728 2895 nemo
747 2865 913 2896 eorum
939 2851 1127 2913 attigit,
1147 2849 1286 2912 quod
1313 2849 1478 2909 sciam,

462 2926 548 2989 qui
592 2926 656 2974 de
695 2926 794 2973 hoe
819 2926 1056 2976 sacrificio
1099 2927 1315 2975 foederali
1358 2928 1476 2975 acri·

463 3020 618 3067 paere.
653 3006 781 3053 Ean.
813 3032 880 3042 -—
905 3004 1114 3053 Mirifice
1141 3007 1222 3053 hic
1247 3006 1384 3055 locus
1411 3007 1478 3053 il-

461 3084 696 3133 lustratur
735 3084 934 3134 denar-Io
976 3084 1190 3150 quodam
1223 3076 1480 3149 argenteo,

469 3178 612 3226 quem
631 3162 692 3209 ab
711 3164 892 3209 Italicis
905 3165 1128 3237 populis,
1147 3158 1248 3226 qno
1266 3175 1482 3228 tempore

467 3240 650 3289 bellum
675 3242 938 3288 Mur-ioum
963 3252 1148 3289 motum
1175 3252 1266 3301 eet,
1286 3258 1452 3289 cusum
1467 3278 1482 3301 ,

469 3319 740 3368 existimare
764 3336 1024 3384 possumus
1049 3336 1108 3367 ex
1129 3334 1210 3379 eo,
1231 3320 1365 3384 quod
1383 3322 1485 3367 Ita·

469 3400 541 3447 Ic‘a
567 3400 854 3462 inscriptum
885 3400 938 3446 in
963 3415 1024 3447 eo
1051 3400 1114 3445 ait
1135 3432 1150 3457 ,
1173 3411 1224 3447 et
1245 3398 1296 3446 in
1323 3398 1486 3446 medio

469 3476 676 3524 militum
700 3476 859 3525 foedus
887 3476 1158 3524 ferientium
1187 3476 1261 3524 vir
1280 3477 1485 3534 incisus,

469 3558 553 3619 qui
576 3572 775 3619 porcam
802 3555 1082 3616 hujumodi
1109 3556 1330 3605 sustinet.
1360 3556 1481 3603 Una.

470 3662 540 3672 --
561 3638 638 3684 De
657 3636 754 3682 hoc
782 3636 998 3693 denario,
1021 3647 1070 3683 et
1094 3634 1190 3682 alio
1215 3652 1316 3683 non
1346 3636 1486 3699 diasi-

471 3714 598 3761 milia
635 3716 743 3779 typi
780 3712 1110 3764 conaulendns
1145 3726 1220 3761 eat
1265 3715 1485 3779 Spauhe-

473 3794 613 3855 mina,
633 3795 835 3842 Dissert.
858 3796 927 3853 X,
945 3792 1006 3839 de
1025 3809 1116 3840 usu
1133 3804 1184 3840 ct
1208 3794 1483 3857 prestantia

473 3872 718 3921 Narniam.
736 3876 1006 3922 Vnauno.

545 3968 570 4009 7
584 3986 596 3998 .
645 3954 943 4015 Imperatore
969 3949 1259 3998 Sannitibus
1301 3950 1483 3999 dedico.

475 4026 528 4073 sl
547 4028 742 4090 qnando
761 4030 1022 4092 imperator
1035 4040 1210 4093 preter
1227 4044 1270 4079 a.
1291 4044 1336 4076 r.
1356 4046 1408 4087 Q.
1431 4044 1482 4077 ι.

1566 2706 1659 2737 nus
1702 2707 1754 2738 ea
1793 2691 1988 2738 soederia
2023 2690 2257 2753 religione
2297 2690 2583 2747 solveretur,

1566 2770 1832 2833 imperator
1856 2771 1960 2833 ipse
1988 2770 2037 2815 in
2056 2769 2270 2817 hostium
2300 2778 2583 2832 potestatem

1567 2848 1761 2897 vinctus
1785 2848 2080 2895 tradebatur.
2118 2847 2361 2895 Nucun.

1638 2928 1690 2976 8.
1713 2930 1785 2974 Ac
1810 2927 1957 2975 enim.
1980 2924 2179 2974 Lallem.
2208 2936 2445 2973 attamen.

1636 3020 1690 3067 9.
1710 3002 2137 3068 Particepsfaems
2169 3020 2218 3051 es
2246 3003 2297 3050 in
2324 3014 2445 3064 turp.
2456 3002 2587 3068 sed.

1569 3098 1765 3131 summa.-
1796 3081 2059 3148 religionis.
2092 3084 2321 3131 construi
2358 3082 2463 3129 vult
2496 3082 2589 3129 Et·-

1571 3163 1755 3209 neatiua
1782 3164 1835 3210 in
1850 3162 1996 3210 Clave
2020 3180 2032 3207 z
2064 3162 2345 3226 «particeps
2376 3162 2423 3207 in
2445 3160 2593 3207 foede-

1572 3258 1625 3288 re
1667 3228 1867 3291 autumn
1906 3242 2159 3304 religioni·
2180 3263 2225 3289 ιι.
2283 3240 2591 3288 wetzelius:

1574 3342 1601 3361 ι
1623 3322 1863 3383 particeps
1894 3334 2093 3367 summa
2118 3320 2367 3382 religioni·
2380 3340 2424 3367 ι.

1650 3414 1727 3448 ιο.
1756 3398 2015 3447 Dedendm
2050 3400 2111 3447 sit
2151 3398 2390 3455 hostibus,
2423 3412 2589 3445 necne.

1575 3478 1655 3525 Sic
1682 3477 1949 3542 elegantius
1992 3478 2045 3524 in
2080 3478 2205 3525 Mss
2244 3476 2437 3525 duobus
2460 3475 2594 3523 Oud.

1576 3567 1623 3604 et
1646 3558 1743 3605 Gn.
1771 3572 1817 3615 1,
1841 3572 1985 3619 quam
2018 3557 2067 3602 in
2097 3556 2271 3603 ceteris
2308 3568 2359 3603 et
2384 3554 2596 3617 vulgatis

1570 3634 1897 3682 dedendusne.
1924 3637 2003 3683 Sic
2044 3645 2094 3682 et
2132 3634 2320 3698 placuit
2338 3635 2597 3681 Lambino.

1572 3715 1794 3762 Eun-r.
2420 3719 2437 3737 0

1650 3808 1727 3840 ιι.
1756 3792 1875 3841 Cam
1902 3792 2166 3856 superiore.
2209 3793 2303 3839 Ριο
2336 3808 2371 3838 a
2406 3808 2513 3854 sup.
2546 3792 2598 3837 in

1572 3871 1811 3934 vulgatis,
1832 3888 1859 3918 e
1884 3871 2039 3919 achol.
2070 3871 2209 3919 Laid.
2232 3886 2284 3928 α,
2314 3872 2415 3919 Gn.
2447 3886 2498 3917 a.
2518 3870 2599 3919 ste

1572 3952 1755 3999 Noster
1784 3951 1960 4015 saepius
1992 3966 2136 4007 ouen,-
2160 3950 2263 3999 vid.
2292 3950 2370 3999 cl.
2398 3950 2601 3997 Eu.—

1578 4030 1689 4078 Sch.
1716 4040 1950 4093 sequutus
1976 4040 2067 4077 eat.
2162 4058 2175 4067 ·
