2982 4682
518 303 707 408 414·
1186 321 1283 386 M.
1332 319 1410 386 T.
1464 317 1955 390 ctcAERoms

518 451 593 515 in
628 454 979 541 potestate
1015 441 1105 510 sit
1126 449 1210 525 ¹⁰,
1232 451 1356 508 aut
1388 435 1642 526 fuerit,
1679 453 1808 509 aut
1843 436 2133 508 futurus
2159 439 2290 526 sit,
2313 437 2644 513 conside-

515 568 753 638 ratur3
788 566 911 622 aut
946 550 1261 646 denique
1298 547 1572 646 aliquid
1608 571 1864 619 eorum
1899 549 2273 643 quaeritur,
2305 574 2466 647 quae
2497 547 2642 620 for-

517 676 709 733 tunae
740 685 891 732 esse
924 658 1269 730 attributa
1304 657 1830 754 intelliguntur.
1861 656 2162 728 Habitus
2187 673 2430 729 autem
2459 683 2644 755 quo-

517 776 710 844 niam
746 772 821 841 in
857 769 1094 866 aliqua
1126 765 1439 866 perfecta
1461 778 1519 812 ¹¹
1557 782 1629 838 et
1663 769 2018 837 constanti
2057 769 2274 837 animi
2313 782 2439 837 aut
2479 793 2644 839 cor-

516 883 713 978 poris
750 878 1209 950 absolutione
1238 877 1603 963 consistit,
1638 900 1788 972 quo
1823 877 1898 946 in
1935 899 2200 972 genere
2239 892 2346 947 est
2380 882 2642 964 virtus»,

518 991 813 1062 scientia
832 1043 851 1077 ,
888 1004 961 1059 et
982 1011 1141 1084 quae
1168 991 1530 1058 contraria
1553 1001 1758 1073 sunt3
1793 1009 1907 1056 res
1927 985 2118 1082 ipsa,
2141 1011 2348 1058 causa
2377 989 2604 1084 posita
2621 1043 2640 1074 ‚

516 1099 843 1182 docebit,
886 1096 1147 1192 ecquid
1186 1095 1303 1166 hic
1346 1119 1645 1192 quoque
1690 1094 1889 1166 locus
1937 1096 2364 1192 suspicionis
2401 1111 2642 1168 osten-

514 1212 659 1288 dat.
698 1213 879 1282 Nam
934 1205 1335 1278 affectionis
1380 1204 1676 1301 quidem
1727 1205 1912 1275 ratio
1957 1207 2410 1303 perspicuam
2463 1207 2644 1278 solet

514 1344 663 1418 prae
716 1341 791 1388 se
858 1339 1103 1412 gerere
1126 1323 1187 1358 ¹²
1246 1315 1769 1410 conjecturam,
1831 1330 1914 1384 ut
1955 1339 2196 1403 amor,
2245 1315 2640 1404 iracundia,

514 1427 895 1498 molestia:
936 1436 1320 1520 propterea
1355 1421 1560 1519 quod
1593 1437 1667 1494 et
1699 1426 2022 1520 ipsorum
2053 1405 2157 1495 vis
2183 1425 2641 1522 intelligitur,

516 1552 592 1608 et
612 1561 771 1632 quae
792 1557 907 1604 res
932 1533 1189 1603 harum
1206 1528 1520 1628 aliquam
1548 1557 1702 1603 rem
1729 1550 2268 1631 consequantur
2291 1533 2348 1580 ¹³
2358 1534 2644 1621 ‚faciles

517 1646 811 1741 cognitu
848 1657 1038 1715 sunt.
1086 1641 1423 1712 Studium
1460 1655 1702 1712 autem
1743 1645 2084 1739 quoniam
2129 1659 2236 1715 est
2265 1645 2544 1716 assidua
2573 1660 2644 1717 et

514 1747 905 1826 vehemens
950 1749 1040 1824 ad
1094 1749 1403 1848 aliquam
1451 1776 1608 1823 rem
1643 1754 1997 1851 applicata
2023 1779 2280 1850 magna
2315 1779 2482 1826 cum
2513 1781 2642 1827 vo-

519 1866 791 1937 luntate
816 1865 1199 1958 occupatio
1220 1916 1239 1947 ‚
1271 1860 1477 1934 facile
1511 1887 1602 1932 ex
1627 1887 1716 1934 eo
1745 1857 2054 1936 ducetur
2083 1871 2642 1960 argumentatio,

518 2000 737 2075 quam
770 1999 885 2044 res
922 1977 1076 2070 ipsa
1114 1970 1608 2044 desiderabit
1587 1997 1662 2042 ιιι
1709 1997 1941 2044 causa.
1989 1978 2172 2044 Item
2217 1999 2306 2044 ex
2339 1974 2646 2046 consilio

518 2098 847 2184 sumetur
881 2082 1157 2181 aliquid
1199 2083 1647 2178 suspicionis.
1689 2085 1870 2154 Nam
1911 2083 2292 2154 consilium
2339 2099 2478 2170 est,
2517 2085 2643 2155 ali-

516 2193 693 2292 quid
751 2191 1058 2264 faciendi
1117 2217 1267 2262 non
1323 2190 1722 2266 faciendive
1775 2193 2176 2290 excogitata
2227 2197 2430 2269 ratio,
2488 2199 2650 2266 Jatn

514 2302 802 2389 factam,
830 2318 902 2375 et
937 2325 1174 2391 casus,
1201 2317 1277 2374 et
1306 2303 1708 2390 orationes,
1747 2329 1907 2400 quae
1930 2320 2105 2377 sunt
2139 2307 2381 2378 omnia
2413 2307 2586 2403 (ut
2567 2333 2646 2377 m

514 2414 1079 2489 confirmationis
1115 2398 1488 2511 praeceptis
1525 2413 1798 2486 dictum
1842 2416 2003 2511 est)
2040 2418 2114 2487 in
2153 2420 2287 2488 tria
2321 2432 2648 2517 tempora

518 2525 943 2607 distributa,
981 2522 1185 2597 facile
1222 2526 1359 2595 erit
1399 2522 1678 2615 videre,
1711 2526 1974 2623 ecquid
2011 2525 2316 2599 afferant
2343 2528 2435 2600 ad
2471 2553 2648 2601 con-

514 2640 868 2735 jecturam
906 2632 1475 2705 confirmandam
1513 2624 2046 2731 suspicionis15.

610 2752 700 2819 X.
736 2748 860 2842 (x.)
896 2748 997 2817 Ac
1048 2745 1374 2841 personis
1420 2743 1718 2841 quidem
1763 2770 1878 2816 res
1909 2770 2008 2817 eae
2045 2760 2215 2817 sunt
2253 2745 2645 2830 attributae,

522 2884 609 2931 ex
640 2857 911 2957 quibus
932 2867 951 2899 ¹
986 2852 1327 2925 omnibus
1366 2881 1596 2926 unum
1639 2857 1714 2927 in
1751 2857 1992 2929 locum
2030 2857 2328 2945 coactis,
2364 2880 2644 2927 accusa-

519 3092 631 3140 dem
674 3105 724 3137 re
765 3087 884 3136 alibi
932 3086 1198 3135 dictionem
1255 3084 1544 3145 variaverit,
1623 3086 1776 3149 ferre.
1815 3086 1912 3137 Sed
1947 3098 1996 3135 et
2022 3087 2262 3137 similibus
2286 3089 2342 3137 in
2369 3089 2542 3137 formis
2563 3106 2652 3156 ge-

518 3174 626 3221 Inv.
645 3172 695 3227 1,
717 3169 800 3215 25.
832 3165 1044 3229 Quintil.
1068 3166 1191 3213 lmt.
1209 3166 1345 3213 Orat.
1356 3167 1421 3225 V,
1448 3181 1511 3215 xo
1525 3197 1543 3225 ,
1631 3183 1736 3215 rere
1753 3166 1949 3227 dicitur,
1971 3166 2056 3217 ubi
2090 3169 2314 3216 usitatius
2327 3167 2572 3231 estsere-e,
2594 3179 2652 3217 ut

518 3250 757 3299 rationem
802 3246 913 3293 vitae
954 3242 1189 3299 studium,
1232 3258 1417 3294 morem
1454 3244 1545 3293 do·
1625 3245 1800 3311 palam
1813 3263 1985 3312 gerere
2012 3246 2076 3294 ad
2103 3250 2208 3297 Δεῖ.
2225 3249 2373 3306 XVI,
2400 3264 2448 3311 9.
2477 3250 2610 3297 Eun.

520 3329 773 3379 mesticum
800 3324 985 3371 victum
1010 3331 1169 3371 vocat.
1709 3326 1790 3374 13.
1824 3326 2204 3391 Consequancur.
2239 3324 2494 3375 schfitzius
2533 3344 2652 3377 coa-

596 3423 675 3456 ιο.
728 3408 791 3455 In
830 3413 1077 3468 potestate
1128 3399 1201 3449 sit.
1248 3402 1359 3449 Hoc
1405 3400 1543 3451 dedit
1631 3416 1910 3469 sequuntur.

522 3492 756 3541 Gruterus
784 3499 875 3549 pro
894 3504 919 3523 κ
932 3498 1044 3531 cum
1062 3491 1301 3547 potestate
1325 3481 1390 3529 sit
1407 3503 1432 3522 a·
1448 3497 1540 3529 au·
1707 3492 1789 3539 14.
1813 3482 2102 3549 lamsacta.
2121 3484 2203 3535 Sic
2225 3483 2326 3533 duo
2346 3484 2492 3533 codd.
2513 3488 2650 3535 Lam-

522 3568 745 3621 ctoritate
782 3565 929 3613 trium
955 3562 1099 3611 codd.
1126 3561 1293 3611 hmb.
1322 3572 1369 3609 et
1394 3562 1542 3609 trium
1629 3562 1751 3612 bini.
1781 3584 1806 3605 er
1822 3566 1943 3611 Item
1983 3564 2108 3611 facta
2128 3586 2153 3605 n
2197 3562 2314 3615 edd.
2356 3576 2472 3615 vett.
2515 3566 2654 3631 quod

520 3649 639 3701 Pan.
658 3649 771 3695 Sca.
798 3670 865 3679 —
892 3643 1090 3690 Privato
1117 3642 1299 3689 rectius
1321 3641 1541 3705 opponi·
1631 3642 1841 3689 servavit
1864 3642 2064 3691 Lallem.
2085 3646 2202 3691 Seu.

522 3746 601 3781 mr
640 3726 725 3791 qui
761 3734 830 3771 est
874 3721 926 3767 in
965 3731 1230 3785 potestate,
1266 3720 1318 3769 id
1360 3731 1433 3769 est
1452 3756 1466 3780 ‚
1493 3720 1546 3767 in
1708 3723 1788 3771 15.
1829 3721 2162 3786 conjecturam
2201 3722 2588 3791 corfimaandam
2613 3742 2656 3771 s.

522 3809 820 3874 magistratu.
844 3804 971 3852 Ean.
1626 3800 2024 3867 Con-firmandam
2041 3802 2372 3868 conjecturam
2389 3818 2519 3869 susp.
2540 3802 2654 3851 cod.

598 3908 617 3937 x
635 3906 679 3935 ι.
696 3881 934 3948 Perfice-ta.
978 3878 1177 3926 Lallem.
1218 3890 1269 3926 σε
1300 3878 1538 3941 perfecta.
1625 3878 1810 3927 Altorf.
1831 3882 1952 3927 Seu.

520 3998 591 4010 ...-
612 3970 685 4017 De
711 3962 881 4011 habitu
910 3970 960 4007 et
982 3958 1145 4005 affect.
1168 3973 1292 4020 resp.
1316 3958 1339 4003 1
1358 3992 1372 4015 ,
1398 3956 1481 4005 25.
1697 3960 1766 4008 X.
1800 3975 1842 4007 x.
1874 3960 1958 4005 Ex
1985 3958 2174 4023 quibu-r.
2193 3958 2389 4009 Schiia.
2419 3960 2656 4024 simplici·

600 4062 679 4095 ta.
730 4044 843 4089 Proe
876 4056 929 4086 se
962 4052 1150 4101 gerere.
1192 4036 1426 4085 Usitatiua
1469 4046 1540 4083 est
1633 4048 1704 4085 ter
1731 4036 1918 4101 quibus.
