2982 4682
458 387 602 470 240
677 403 684 416 ·
1129 383 1228 450 M.
1279 383 1358 448 Τ.
1414 379 1903 450 CICERONIS

452 503 976 605 rempublicam
1038 501 1370 574 funditus
1427 499 1893 574 labefactans.
1958 501 2243 590 Quare,
2282 503 2611 598 judices,

461 621 697 717 ejicite
729 641 898 688 eum
934 613 1026 686 de
1050 615 1340 685 civitate
1359 667 1380 701 ‚
1407 611 1711 694 liberate
1746 635 1999 682 omnes
2026 609 2455 686 formidine:
2486 641 2605 686 vo-

461 730 934 826 bis-denique
971 727 1143 824 ipsis
1179 723 1559 795 consulite.
1598 726 1779 794 Nam
1816 723 1878 792 si
1914 723 2133 793 istum
2163 725 2607 822 impunitum

461 841 874 913 dimiseritis
897 893 917 922 ‚
974 841 1050 907 in
1092 848 1374 914 vosmet
1422 836 1657 932 ipsos,
1694 832 1877 903 mihi
1920 832 2229 918 credite,
2272 833 2499 907 feram
2531 853 2607 908 et

459 948 946 1022 truculentam
977 944 1286 1017 bestiam
1316 944 1757 1015 immiseritis
1776 942 1807 998 4
1827 971 1881 1012 ιο.
1916 947 2099 1013 Item
2118 997 2139 1032 ‚
2167 948 2397 1018 «Nam
2430 946 2607 1018 side

461 1061 634 1147 hoc,
661 1058 976 1153 judiceS‚
997 1078 1288 1153 gravem
1316 1055 1745 1125 sententiam
1784 1051 2093 1124 tuleritis
2114 1107 2135 1141 ‚
2158 1079 2309 1125 uno
2330 1055 2607 1151 judicio

459 1169 676 1242 simul
713 1167 982 1239 multos
1003 1164 1525 1262 jugulaveritis.
1546 1161 1859 1235 Grandis
1890 1175 2067 1234 natu
2094 1167 2609 1262 parens‚cujus

462 1303 626 1378 spes
643 1279 1036 1350 senectutis
1055 1271 1085 1316 ⁵
1117 1277 1354 1346 omnis
1373 1275 1446 1344 in
1471 1273 1693 1368 hujus
1706 1271 2189 1344 adolescentia
2219 1277 2449 1370 posita
2474 1293 2605 1363 est,

463 1413 688 1488 quare
723 1386 902 1459 velit
941 1390 1020 1457 in
1055 1387 1201 1454 vita
1237 1409 1531 1455 manere
1562 1439 1583 1472 ‚
1624 1409 1776 1455 non
1818 1382 2162 1455 habebit:
2200 1383 2329 1454 filii
2368 1389 2609 1485 parvi,

464 1502 724 1601 privati
765 1502 989 1597 patris
1033 1496 1336 1583 auxilio,
1385 1493 1709 1566 ludibrio
1753 1510 1829 1566 et
1876 1492 2251 1593 despectui
2291 1500 2609 1594 paternis

465 1611 772 1683 inimicis
822 1622 1040 1680 erunt
1092 1607 1411 1704 oppositi
1457 1635 1473 1676 :
1530 1619 1683 1677 tota
1724 1605 1987 1676 domus
2046 1604 2269 1700 hujus
2316 1607 2607 1705 indigna

467 1718 806 1792 concidet
845 1705 1300 1788 calamitate:
1339 1732 1412 1786 at
1448 1716 1724 1786 inimici
1768 1716 2005 1786 statim
2055 1718 2609 1814 sanguinolenta

468 1830 704 1928 palma
734 1882 755 1917 ,
799 1826 1288 1899 crudelissima
1334 1826 1633 1896 victoria
1679 1828 1940 1923 potiti,
1988 1825 2483 1900 insultabunt⁶
2524 1834 2604 1899 in

465 1939 732 2010 horum
771 1938 1120 2023 miseriaS,
1163 1950 1236 2008 et
1287 1936 1585 2035 superbi
1634 1961 1715 2007 re
1751 1934 1963 2008 simul
2014 1953 2089 2008 et
2128 1937 2369 2010 verbis
2402 1945 2601 2012 inve-

463 2049 733 2120 hentur
758 2079 810 2118 n.
851 2053 1070 2134 Item,
1103 2077 1136 2112 α
1161 2052 1344 2119 Nam
1385 2049 1755 2118 neminem
1782 2059 2143 2119 vestrum⁷
2186 2047 2406 2146 fugit,
2432 2054 2609 2142 Qui·-

467 2162 668 2248 rites‚
691 2174 898 2258 capta
929 2158 1149 2245 urbe,
1177 2183 1338 2256 quae
1365 2161 1667 2230 miseriae
1696 2163 2045 2256 consequi
2076 2159 2389 2231 soleant:
2410 2186 2607 2232 arma

466 2271 594 2369 qui
637 2283 892 2341 contra
931 2267 1264 2355 tulerint,
1307 2269 1549 2338 statim
1584 2268 2073 2340 crudelissime
2104 2269 2607 2359 trucidantur3

465 2384 740 2470 caeteri,
795 2382 922 2478 qui
969 2394 1276 2477 possunt
1340 2403 1474 2477 per
1526 2394 1806 2449 aetatem
1859 2395 1933 2451 et
1982 2381 2169 2451 vires
2196 2374 2230 2425 8
2282 2380 2605 2453 laborem

393 2490 410 2505 ‘
466 2490 657 2565 ferre
677 2546 698 2577 ‚
727 2492 1116 2587 rapiuntur
1147 2491 1226 2559 in
1253 2488 1716 2577 servitutem3
1746 2492 1877 2588 qui
1911 2514 2065 2560 non
2102 2505 2437 2588 possunt,
2462 2492 2607 2563 vita

467 2604 844 2703 privantur
873 2628 890 2669 ι
925 2625 1078 2671 uno
1105 2598 1425 2695 denique
1447 2615 1669 2696 atque
1702 2597 1956 2671 eodem
1988 2613 2319 2697 tempore
2348 2598 2607 2671 domus

466 2710 715 2784 hostili
737 2708 991 2807 flagrat
1024 2707 1366 2787 incendio
1385 2721 1444 2796 9,
1473 2723 1547 2781 et
1572 2733 1761 2806 quos
1790 2724 2045 2781 natura
2064 2764 2084 2795 ‚
2120 2724 2247 2780 aut
2268 2710 2605 2782 voluntas

472 2825 1003 2898 necessitudine
1025 2878 1046 2913 ‚
1089 2839 1212 2897 aut
1237 2824 1726 2896 benivolentia
1764 2826 2139 2921 conjunxit
2158 2880 2179 2912 ‚
2204 2823 2607 2897 distrahun-

465 3036 546 3084 αἱ·
583 3032 972 3097 Ρσιτιιιιιρωῑίι,
1015 3029 1242 3094 viamque
1277 3029 1374 3078 eibi
1401 3042 1493 3095 pet
1562 3029 1720 3095 firte-
1762 3051 1789 3072 α
1809 3031 1925 3079 neri
1967 3028 2185 3078 lahorem
2204 3052 2229 3073 ο
2270 3030 2389 3078 eod.
2436 3030 2595 3079 Bran,

467 3112 718 3161 conserto·
741 3112 878 3158 viros
903 3108 1038 3157 eade
1066 3110 1344 3158 etei-nentis.
1579 3107 1683 3155 1³⁸1.
1708 3107 1895 3157 Cauch.
1920 3128 1948 3149 αι
1964 3107 2165 3156 herilem
2184 3107 2399 3157 laborem
2418 3128 2445 3149 a·
2470 3109 2605 3170 conj.

541 3198 594 3247 4.
617 3189 832 3237 Bestiam
861 3187 1168 3237 ivn-miseritis.
1191 3188 1495 3237 Auctoribus
1580 3186 1715 3235 ond.
1741 3189 1859 3235 Scn.

432 3329 445 3341 -
467 3268 606 3317 libris
623 3284 717 3315 ncr-
740 3278 792 3315 et
817 3266 934 3313 edd.
967 3265 1128 3315 delevi
1153 3266 1370 3315 medium
1392 3282 1497 3315 ver-
1654 3281 1706 3328 9.
1732 3266 1943 3330 Flagrat
1970 3264 2215 3315 incendio.
2242 3268 2321 3315 Sic
2349 3266 2607 3315 latinitatis

468 3349 588 3397 bum
600 3346 798 3413 judiees
815 3362 834 3393 .·
871 3346 1008 3409 quod
1039 3364 1125 3394 tm
1153 3359 1327 3411 sponte
1345 3364 1495 3412 appa·
1582 3344 1689 3409 lege
1718 3344 1905 3393 dudum
1930 3360 2270 3405 conexu-am,
2306 3362 2459 3409 quum
2480 3346 2609 3395 inter

467 3426 608 3476 nebat
623 3424 898 3479 redundare
913 3440 1018 3471 non
1039 3424 1181 3473 baie.
1200 3428 1329 3475 Eu.
1585 3438 1685 3473 var.
1700 3423 1815 3472 lect.
1836 3422 2116 3471 Graeviam
2130 3424 2258 3472 idem
2280 3426 2437 3489 reperi
2454 3458 2469 3484 ‚
2488 3436 2609 3473 tam-

541 3506 594 3554 5.
617 3502 765 3567 Cujus
784 3518 893 3567 spes
917 3504 1188 3553 senectutis.
1223 3504 1338 3554 Sch.
1374 3527 1397 3548 ι
1417 3504 1501 3553 cni
1587 3520 1735 3567 qnam
1766 3519 1830 3551 ex
1866 3502 1984 3552 edd.
2022 3514 2285 3568 sumptum.
2332 3506 2467 3566 Quas
2514 3520 2609 3568 ego

469 3598 582 3647 spes
599 3584 862 3631 senectutis
879 3604 934 3641 ιν,
962 3598 991 3629 e
1011 3582 1126 3630 cod.
1145 3584 1332 3633 Erfurt.
1587 3583 1799 3646 ignoro:
1834 3582 1929 3631 nisi
1964 3582 2101 3646 quod
2135 3584 2421 3631 Lambinum
2446 3584 2623 3649 reperi,

542 3662 594 3710 6.
619 3660 954 3709 Insulcabuaet.
995 3662 1087 3710 MS
1117 3663 1254 3727 Lipc.
1287 3684 1316 3705 ιι
1337 3663 1501 3711 mul·
1590 3660 1801 3709 edidisse
1824 3659 2064 3727 figo-ane
2112 3662 2457 3726 reprehensum
2494 3680 2611 3728 pro·

467 3740 648 3791 ubam
659 3760 703 3786 n.
725 3742 861 3791 Eu.
1592 3752 1758 3803 pterea
1792 3757 1821 3787 a
1848 3741 2075 3789 Grutero.
2120 3741 2387 3789 Sciendum
2412 3754 2517 3802 eet,
2554 3744 2609 3790 in

549 3836 598 3880 7.
625 3818 884 3867 Nonium
897 3830 1134 3869 vestrum.
1159 3822 1258 3869 Pro
1282 3832 1499 3869 num
1588 3819 1667 3867 his
1708 3820 1909 3867 licenter
1945 3821 2151 3869 varinae
2188 3820 2433 3870 liburiae.
2460 3822 2611 3870 Velut

471 3900 598 3947 MSS
628 3898 792 3962 plures
827 3910 878 3947 et
927 3898 1045 3948 edd.
1083 3916 1162 3964 pr.
1199 3916 1370 3949 omnes
1407 3900 1499 3948 ln·
1588 3898 1749 3949 inMs
1770 3899 1905 3963 Lipo.
1922 3897 2149 3963 hocipso
2168 3900 2219 3947 in
2242 3900 2357 3948 loco
2375 3902 2609 3949 “tetiam

470 3978 590 4026 bent
611 3988 824 4025 wer-um
841 3994 862 4025 .-
879 3978 1018 4042 quod
1034 3979 1141 4027 eine
1163 3978 1316 4027 dnbio
1333 3980 1499 4043 aptius
1587 3977 1980 4027 trucidabantur.
2004 3980 2175 4043 ltaque
2196 3979 2293 4027 nisi
2312 3979 2467 4043 legem
2497 3979 2611 4027 lati·

473 4066 562 4105 eut.
591 4057 722 4104 Enn-
1586 4057 1753 4105 nitatis
1770 4072 2045 4122 sequamur,
2064 4058 2190 4107 nihil
2206 4058 2327 4107 certi
2348 4058 2605 4121 eriLVulg.

549 4136 599 4182 8.
639 4136 738 4181 Per
769 4146 968 4182 etatem
1008 4148 1058 4182 ee
1099 4136 1238 4184 vim
1281 4135 1497 4183 laborem
1569 4135 1835 4203 flagrabit.
1856 4138 1981 4185 Ean.
