2982 4682
713 376 838 444 AD
885 380 1476 476 HERENNIUM,
1528 387 1796 456 LIBER
1844 389 1965 474 lv,
2022 411 2125 458 η.
2351 391 2483 488 193

255 571 278 584 l
351 506 500 564 est:
537 523 570 560 α
597 497 835 568 Baccae
871 522 1084 572 aeneae
1109 506 1612 576 amoenissimae
1646 507 2166 606 impendebant
2194 540 2251 582 n.
2297 515 2387 583 Et
2422 517 2485 584 si

227 621 234 628 ·
346 602 730 704 vitabimus
769 609 1098 701 ,ejusdem
1161 614 1380 685 literae
1437 617 1731 688 nimiam
1781 615 2315 707 assiduitatem3
2365 625 2484 696 cui

347 714 520 784 vitio
555 739 805 786 versus
839 717 956 813 hic
993 722 1130 792 erit
1160 725 1495 822 exemplo
1531 725 1747 822 (nam
1778 726 1899 800 hic
1928 729 2109 801 nihil
2140 731 2481 828 prohibet

345 825 420 896 in
457 825 680 914 vitiis,
713 827 958 902 alienis
993 833 1340 931 exemplis
1378 835 1555 932 uti):

541 993 596 1049 Ο
627 989 789 1064 Tite,
823 1005 972 1068 tute,
1002 997 1158 1070 Tati,
1201 997 1308 1058 tibi
1337 1011 1497 1060 tanta
1524 1015 1766 1077 tyranne
1794 1001 1975 1062 tulisti
2002 1007 2057 1060 ⁹1

345 1127 430 1194 Et
467 1124 585 1196 hic
630 1127 954 1222 ejusdem
993 1149 1264 1232 poetae:

541 1279 876 1360 Quidquam
898 1283 1231 1362 quisquam,
1253 1287 1527 1366 cuiquam
1554 1287 1713 1366 quod
1743 1288 2053 1348 conveniat
2070 1333 2087 1362 ,
2116 1303 2365 1370 neget¹⁰.

237 1491 250 1498 ,
339 1413 467 1498 Et,
511 1415 568 1484 si
603 1415 924 1510 ejusdem
962 1419 1164 1491 verbi
1209 1419 1695 1492 assiduitatem
1734 1424 2031 1494 nimiam
2066 1421 2466 1522 fugiemus;

342 1549 422 1594 ea
453 1539 560 1594 est
591 1525 1011 1621 hujusmodi
1049 1556 1065 1598 ε
1106 1561 1138 1595 α
1171 1533 1352 1602 Nam
1389 1531 1597 1626 cujus
1624 1534 1921 1604 rationis
1948 1533 2131 1604 ratio
2166 1557 2316 1606 non
2352 1559 2473 1606 ex-

339 1648 516 1721 stet,
553 1637 620 1706 ei
662 1638 921 1708 rationi
949 1640 1132 1710 ratio
1171 1666 1320 1712 non
1363 1655 1469 1712 est
1502 1639 1723 1712 fidem
1748 1640 2029 1714 habere
2058 1652 2115 1688 ¹¹
2150 1675 2206 1714 ν.
2246 1649 2373 1732 Et,
2410 1647 2472 1716 si

343 1769 488 1816 non
527 1761 823 1820 utemur
859 1753 1322 1822 continenter
1359 1751 1689 1822 similiter
1726 1751 2149 1827 cadentibus
2186 1753 2467 1858 verbis,

337 1854 478 1928 hoc
507 1857 770 1929 modo:

529 2011 758 2072 Flentes
781 2057 798 2085 ,
821 2015 1118 2092 plorantes
1138 2059 1155 2086 ,
1189 2017 1572 2094 lacrymantes
1588 2059 1606 2087 ,
1634 2017 2007 2077 obtestantes.

333 2164 420 2231 Et
439 2217 460 2248 ‚
479 2169 540 2234 si
573 2164 966 2238 verborum
993 2170 1646 2265 transjectionem¹²
1681 2169 2069 2242 vitabimus
2088 2225 2109 2260 ‚
2136 2173 2273 2244 nisi
2305 2198 2465 2271 quae

335 2273 468 2343 erit
499 2277 885 2379 concinna,
923 2303 1070 2376 qua
1105 2278 1196 2351 de
1230 2303 1310 2351 re
1347 2279 1707 2379 posterius
1744 2279 2165 2378 loquemur-3
2207 2285 2463 2379 quoin

331 2386 506 2455 vitio
534 2400 645 2457 est
675 2389 990 2461 Lucilius
1017 2389 1380 2478 assiduus»,
1411 2405 1493 2461 ut
1528 2389 1673 2461 hoc
1706 2406 1815 2461 est
1846 2392 1923 2461 in
1954 2394 2197 2489 priore
2233 2389 2457 2463 libro:

524 2550 644 2607 Has
665 2568 756 2606 res
786 2548 860 2607 ad
893 2562 947 2609 te
975 2551 1214 2630 scriptas
1231 2596 1248 2623 ,
1276 2552 1454 2624 Luci,
1481 2552 1741 2612 misimus
1758 2594 1775 2623 ,
1805 2552 1940 2612 AEli.

327 2694 504 2762 Item
566 2689 814 2789 fugere
862 2692 1151 2793 oportet
1193 2696 1480 2794 longam
1522 2696 1912 2768 verborum
1968 2695 2456 2767 continuatio·

327 2824 492 2870 nem
523 2855 544 2889 ‚
607 2827 768 2899 quae
821 2819 892 2874 et
940 2805 1285 2877 auditoris
1333 2832 1542 2878 aures
1569 2860 1589 2890 ,
1650 2822 1725 2879 et
1768 2808 2071 2913 oratoris
2120 2805 2453 2902 spiritum

325 2910 534 2986 laedit.
563 2918 690 2987 His
712 2918 902 2989 vitiis
926 2920 1000 2988 in
1028 2922 1557 3017 compositione
1587 2920 1859 3009 vitatis,
1882 2918 2247 3016 reliquum
2280 2942 2455 3015 ope-

326 3026 420 3097 ris
450 3027 1025 3100 consumendum
1065 3045 1172 3101 est
1205 3032 1279 3101 in
1322 3031 1691 3129 dignitate.

393 3254 442 3302 9.
465 3238 652 3288 Tuh’m'.
668 3239 813 3289 Ennii
831 3256 1010 3289 venua.

397 3334 477 3369 ιο.
503 3319 780 3384 Quidquam
804 3320 1062 3385 quisquam
1079 3356 1094 3383 ,
1115 3321 1340 3385 cuiquam

323 3397 457 3460 quod
474 3396 758 3457 conveniat,
789 3410 948 3464 neget.
967 3400 1338 3465 Intelligendum

319 3486 442 3539 puto
463 3486 534 3523 est
554 3492 644 3526 ne:
669 3478 832 3527 Homo
855 3488 987 3528 tanta
1015 3478 1339 3543 impudentia,

321 3564 374 3600 ut
395 3570 570 3618 negare
597 3556 769 3604 audeat
803 3557 889 3605 alii
925 3556 1126 3607 cuilibet
1165 3574 1337 3622 quam·

320 3648 524 3696 cumque
549 3651 650 3683 rem
678 3636 738 3685 de
771 3653 867 3701 qua
899 3646 1088 3686 constet
1105 3638 1128 3684 Ρ
1161 3635 1333 3685 Excla-

317 3714 465 3761 matio
500 3714 802 3777 indignantis
840 3717 1042 3764 fortasse
1077 3716 1341 3780 stupentis-

317 3808 410 3855 que
432 3792 578 3840 simul
622 3796 786 3858 negari
827 3794 923 3843 sibi
965 3812 1018 3843 ea
1059 3795 1121 3844 de
1161 3796 1339 3861 quibus

314 3870 434 3919 nibil
461 3872 600 3921 dubii
619 3872 697 3921 sit.

389 3963 471 3999 ιι.
501 3952 636 4000 Nam
667 3952 802 4018 enjus
843 3954 1048 4003 rationis
1081 3953 1208 4001 meio
1233 3970 1336 4003 non

315 4040 475 4077 exstet
490 4066 506 4089 ,
527 4031 577 4079 ei
599 4030 784 4079 meieni
803 4032 930 4081 ratio
957 4050 1055 4081 non
1091 4033 1336 4103 esefidem

315 4107 505 4158 habe-re.
545 4112 588 4159 1.
619 4128 663 4161 e.
715 4112 838 4160 nihil
877 4124 950 4159 est
984 4130 1074 4161 cm·
1110 4114 1338 4163 credatur

469 4198 522 4265 1.
559 4212 658 4261 Ce'e.
671 4208 973 4281 parsprt‘mu.

1431 3242 1665 3302 consilio,
1687 3242 1823 3307 quod
1841 3257 1927 3290 cur
1944 3241 2119 3290 initum
2152 3240 2299 3289 fuerit
2318 3241 2453 3291 nulla

1428 3338 1574 3385 causa
1599 3322 1679 3370 sit.
1710 3324 1819 3371 Boc
1844 3321 1966 3371 mihi
1986 3322 2289 3370 vesei-endum
2316 3320 2452 3369 vido-

1425 3411 1508 3449 tut·
1538 3403 1602 3451 ad
1635 3405 1883 3451 sociorum
1912 3401 2223 3450 rebellionem
2244 3436 2259 3460 ,
2304 3416 2451 3463 quam

1423 3481 1478 3528 in
1495 3481 1827 3545 superioribus
1855 3479 2046 3545 aliquot
2074 3477 2307 3543 exempli·
2344 3493 2449 3527 nou

1423 3560 1618 3607 nemine
1666 3560 1900 3608 suadente
1943 3556 2186 3606 exstitisse
2236 3566 2449 3605 conten·

1427 3636 1656 3685 debatur.

1504 3732 1587 3765 η.
1604 3716 1868 3763 Verborum
1901 3712 2315 3780 transiet-tionem.
2338 3712 2380 3759 1.
2404 3727 2449 3763 e.

1425 3810 1577 3861 quum
1603 3795 1751 3843 verba
1794 3810 1878 3842 aua
1907 3794 2023 3841 loco
2048 3794 2326 3854 ejiciuntur.
2365 3790 2449 3839 Sic

1425 3875 1478 3921 in
1516 3873 1736 3938 sequenti
1777 3872 2003 3935 exemplo
2046 3870 2171 3919 male
2212 3870 2453 3930 disiunxit

1425 3962 1572 4017 poeta
1612 3974 1637 3994 ι
1654 3950 1773 4000 Luci
1799 3950 1893 3998 AEli
1913 3971 1955 3996 »-
1992 3951 2080 3997 Est
2111 3964 2229 3996 veto
2254 3959 2304 3997 et
2328 3950 2448 3996 arti-

1424 4030 1592 4080 ficiosa
1660 4026 1938 4089 transjectio
1959 4060 1975 4086 ‚
2048 4026 2107 4075 de
2167 4040 2263 4091 qua
2336 4026 2451 4079 vide

1428 4110 1571 4159 iufra.
2442 4127 2449 4135 ·

2128 4190 2211 4261 13
