2982 4682
28 4276 31 4295 -—
28 4214 36 4265 *vu-
28 3984 41 4207 *flu-ffl-

522 385 662 458 256
1207 390 1304 455 M.
1355 391 1432 458 T.
1487 389 1977 474 CICERONIS

516 533 728 580 causa
747 505 1288 579 similitudinem
1307 508 1779 592 attulerimuS,
1798 509 2019 581 verba
2038 531 2333 608 quoque
2352 509 2653 586 adsimi-

514 619 892 690 litudinem
912 617 1316 689 habeamus
1343 619 1905 692 accommodata.
1932 621 2011 692 ld
2048 635 2155 690 est
2188 620 2645 716 hujusmodi:

513 761 547 796 α
571 735 667 801 Ut
693 729 1119 800 hirundines
1143 721 1174 774 3
1213 733 1458 800 aestivo
1497 745 1823 828 tempore
1857 745 2119 828 praesto
2144 746 2346 819 sunt,
2382 732 2649 829 frigore

512 841 738 939 pulsae
807 840 1226 910 recedunt».
1285 845 1388 910 Ex
1457 840 1707 911 eadem
1762 840 2225 912 similitudine
2270 867 2468 913 nunc
2518 867 2647 941 per

512 951 1054 1023 translationem
1100 947 1322 1021 verba
1367 947 1819 1020 sumimus⁴z
1862 956 2027 1020 «Ita
2073 947 2229 1020 falsi
2270 952 2480 1020 amici
2530 976 2645 1023 se·

510 1086 690 1134 reno
737 1065 892 1132 vitae
931 1075 1258 1158 tempore
1297 1075 1557 1157 praesto
1594 1073 1795 1146 sunt;
1833 1059 2043 1130 simul
2078 1073 2295 1156 atque
2333 1059 2645 1132 hiemem

513 1169 822 1243 fortunae
852 1170 1200 1257 viderint,
1244 1169 1587 1240 devolant
1630 1194 1965 1240 omnes».
2006 1169 2145 1239 Sed
2191 1172 2511 1241 inventio
2554 1171 2643 1242 si-

513 1281 790 1350 milium
829 1277 1052 1350 facilis
1083 1281 1254 1365 erit,
1295 1279 1354 1348 si
1391 1283 1556 1375 quis
1587 1277 1723 1348 sibi
1756 1303 2009 1348 omnes
2040 1302 2159 1349 res
2190 1281 2540 1350 animatas
2572 1295 2643 1350 et

513 1376 975 1476 inanimatam,
1017 1402 1253 1458 mutas
1299 1403 1369 1458 et
1408 1387 1823 1484 loquenteS,
1862 1386 2044 1458 feras
2089 1402 2163 1458 et
2196 1402 2641 1472 mansuetas»,
2740 1409 2743 1416 ·

510 1512 885 1570 terrestres
935 1513 1007 1567 et
1053 1496 1366 1568 caelestes
1422 1512 1493 1568 et
1548 1500 1973 1580 maritimaS,
2034 1495 2377 1583 artificio,
2428 1523 2640 1586 casu,

509 1622 766 1678 natura
820 1621 1266 1703 comparatas
1289 1603 1342 1694 5,
1407 1609 1699 1678 usitatas
1766 1621 1984 1704 atque
2044 1609 2447 1692 inusitatas,
2500 1605 2637 1678 fre·

510 1733 822 1815 quenter
853 1731 1020 1788 ante
1049 1717 1298 1789 oculos
1329 1722 1601 1816 poterit
1628 1743 1903 1816 ponere
1923 1772 1942 1802 ,
1974 1733 2051 1789 et
2077 1744 2163 1789 ex
2188 1718 2298 1788 his
2326 1718 2637 1814 aliquam

511 1830 753 1899 venari
798 1826 1426 1915 similitudinemss,
1470 1853 1631 1925 quae
1678 1844 1802 1900 aut
1842 1841 2132 1914 ornare,
2174 1842 2297 1898 aut
2336 1827 2636 1913 docere,

509 1953 633 2008 aut
679 1943 1114 2034 apertiorem
1163 1963 1319 2010 rem
1368 1938 1631 2026 facere,
1684 1955 1809 2010 aut
1863 1963 2134 2034 ponere
2180 1953 2347 2009 ante
2387 1937 2637 2008 oculos

512 2051 756 2144 possit.
805 2052 967 2119 Non
1021 2050 1212 2119 enirn
1253 2073 1365 2119 res
1412 2064 1563 2120 tota
1599 2051 1731 2119 toti
1776 2049 1885 2118 rei
1929 2072 2217 2118 necesse
2251 2062 2363 2118 est
2390 2047 2635 2118 similis

507 2159 638 2242 sit,
693 2155 818 2227 sed
865 2157 956 2228 ad
1000 2162 1236 2256 ipsum
1264 2169 1316 2244 7,
1359 2158 1451 2228 ad
1505 2157 1705 2256 quod
1754 2155 2189 2244 conferetur,
2227 2157 2634 2228 similitudi·
2728 2163 2735 2168 '

507 2291 671 2337 nem
710 2266 976 2339 habeat
1010 2282 1320 2367 oportet.

601 2384 853 2449 XLIX.
873 2379 1129 2475 (xmx.)
1153 2379 1613 2476 Exemplum¹
1644 2393 1749 2449 est
1779 2377 2079 2481 alicujus
2111 2376 2297 2465 facti,
2316 2392 2446 2448 -aut
2464 2377 2633 2447 dicti

505 2485 978 2585 [praeteriti²],·
1011 2512 1174 2558 cum
1215 2490 1388 2558 certi
1423 2490 1736 2559 auctoris
1774 2490 2071 2559 nomine
2101 2488 2519 2586 propositio,
2547 2486 2632 2557 Id

502 2601 817 2669 sumitur
835 2598 1088 2669 iisdem
1118 2598 1207 2669 de
1240 2601 1501 2683 causiS,
1532 2597 1798 2695 quibus
1836 2597 2249 2669 similitudo.
2294 2603 2474 2668 Rem
2510 2622 2629 2667 or-

503 2709 860 2778 natiorem
891 2705 1090 2792 facit,
1114 2701 1342 2804 quum
1371 2707 1642 2779 nullius
1673 2711 1818 2792 rei,
1848 2709 1979 2777 nisi
2008 2707 2366 2803 dignitatis
2387 2759 2406 2791 ,
2425 2730 2632 2801 causa

502 2817 853 2887 sumitur:
897 2801 1372 2915 apertiorem,
1410 2842 1642 2915 quum
1684 2817 1795 2905 id,
1842 2817 2044 2915 quod
2084 2818 2175 2887 sit
2214 2816 2627 2897 obscuriuS,

502 2930 726 3025 magis
761 2929 1159 2999 dilucidum
1199 2928 1480 2999 reddit:
1526 2927 2116 3027 probabiliorem,
2143 2950 2370 3024 quum
2406 2930 2629 3024 magis

575 3112 624 3157 3.
661 3112 724 3156 Ue
747 3110 1044 3161 hirundines.
1075 3112 1231 3173 Olim,
1265 3111 1337 3159 ita
1363 3122 1420 3159 uc
1445 3110 1519 3159 hi-

501 3188 646 3236 nmd.
665 3188 762 3236 Sed
787 3202 914 3237 recte
938 3190 1010 3237 ita
1031 3190 1311 3239 deleverunt
1329 3190 1519 3238 Lambi-

503 3282 594 3311 nus
623 3278 671 3313 et
697 3268 952 3314 Gruterus.
985 3268 1103 3315 Son.

574 3352 622 3400 4.
645 3346 800 3393 Verba
817 3344 1062 3394 sumimus.
1087 3348 1148 3394 V.
1167 3360 1413 3393 sumamus
1437 3345 1517 3395 ed.

501 3424 638 3472 Med.
671 3426 824 3485 1498.
853 3424 966 3472 Nou
991 3426 1135 3473 maie.

575 3502 623 3549 5.
653 3501 905 3569 ,it-efficio,
931 3519 1077 3560 casu,
1103 3514 1283 3551 natura
1321 3519 1519 3569 compa-

1606 3126 1712 3159 rum
1760 3112 1982 3159 notitiam
2028 3111 2121 3159 sibi
2170 3124 2446 3174 comparare
2481 3124 2623 3172 quam

1606 3206 1827 3254 magnam
1858 3190 2229 3239 similitudinum
2250 3190 2458 3253 copiam.

1680 3285 1727 3329 7.
1738 3269 1836 3316 Sed
1849 3269 2083 3333 adipsum
2097 3304 2113 3329 ,
2128 3269 2201 3316 ad
2224 3268 2369 3332 quod.
2384 3266 2536 3315 Aboet
2556 3266 2629 3313 ad

1606 3347 1667 3395 ab
1696 3346 1773 3395 ed.
1801 3348 1939 3396 Med.
1970 3349 2120 3411 1498.
2146 3348 2307 3395 Multo
2338 3346 2509 3394 melius
2528 3381 2542 3405 ,
2570 3356 2625 3393 ut

1606 3426 1659 3473 in
1680 3438 1851 3490 aperto
1880 3438 1970 3474 est.

1676 3508 1859 3553 XLIX.
1904 3522 1946 3553 ι.
1985 3503 2277 3569 Exemplum
2318 3515 2389 3551 est
2414 3503 2622 3567 alicujus

497 3591 653 3630 raras.
675 3581 802 3631 Cod.
829 3582 932 3631 Eri'.
961 3581 1284 3631 artificiosus
1307 3598 1406 3630 uua
1433 3598 1517 3631 m·
1590 3582 1747 3647 saell.
1785 3584 1859 3632 De
1898 3584 2133 3647 exemplis
2178 3582 2620 3645 vide-Quintilian.

499 3670 608 3707 tura
633 3670 986 3724 comparatum
1013 3663 1193 3711 Cauch.
1223 3664 1338 3722 MS,
1365 3663 1519 3710 «arti-

497 3736 688 3787 ficiosas
715 3752 766 3788 et
808 3756 903 3788 una
949 3752 1119 3789 natura
1157 3750 1513 3806 comparatas».

498 3817 642 3866 Unde
669 3819 912 3869 Cauchius
945 3820 1282 3884 corrigendum
1312 3819 1515 3883 putabat

498 3896 738 3946 «artifieio
751 3909 800 3946 et
815 3915 842 3947 a
859 3911 1028 3948 natura
1048 3900 1513 3964 comparatas-,Sem

567 3978 618 4025 6.
660 3977 888 4042 Aliquam
928 3976 1110 4027 venari
1131 3976 1511 4027 similitudinem.

498 4054 699 4118 Proprie
739 4057 920 4105 dictum
967 4044 1178 4119 venari,
1219 4058 1320 4103 nive
1345 4055 1513 4113 malis,

494 4133 752 4196 aucupari.
775 4136 841 4181 At
871 4135 1038 4185 utilius
1062 4138 1126 4183 sit
1149 4134 1409 4183 multarum
1435 4150 1513 4181 re·

1604 3662 1697 3709 lib.
1714 3664 1777 3721 V,
1810 3678 1917 3725 cap.
1948 3676 2027 3710 ιι.

1677 3755 1724 3788 2.
1751 3744 1849 3787 Aut
1872 3740 1992 3788 dieti
2003 3739 2248 3803 praeteriti.
2268 3740 2343 3788 Ita
2361 3740 2503 3803 friget
2520 3738 2622 3803 epi-

1603 3818 1774 3865 theton
1788 3818 2035 3882 proeeeriti
2048 3854 2064 3876 ,
2094 3818 2230 3882 quod
2248 3833 2511 3881 numquam
2547 3817 2621 3865 hi·

1604 3897 1761 3945 verbi·
1790 3895 1989 3944 additur
2013 3912 2038 3943 a
2084 3896 2233 3944 bonis
2274 3894 2617 3960 scriptoribus,

1602 3985 1657 4023 ut
1674 3977 1756 4022 vix
1775 3992 1852 4022 me
1878 3974 2192 4023 abstinuerim
2214 3990 2241 4021 a
2266 3974 2489 4022 delendo.
2518 3976 2619 4022 Un-

1604 4053 1675 4101 eis
1698 4064 1861 4100 tamen
1878 4053 2071 4100 incluti.
2099 4054 2313 4103 Eunu-r.
2335 4080 2405 4091 ——-
2424 4048 2613 4101 Schiitz.

1605 4132 1805 4179 omnino
1830 4130 2023 4180 delevit.
