2982 4682
778 363 903 432 DE
950 360 1554 446 INVENTIONE,
1600 360 1866 429 LIBER
1917 360 1988 445 Ι,
2043 355 2155 427 26.
2377 356 2519 454 329

388 485 611 571 vallo,
654 482 1217 580 longinquitate,
1264 483 1834 583 propinquitate,
1863 478 2254 559 solitudine
2274 534 2293 566 ‚
2335 481 2518 551 cele-i

286 658 293 666 .
390 596 683 681 britate,
734 608 991 664 natura
1026 593 1253 692 ipsius
1288 592 1427 663 loci
1448 646 1467 678 ,
1507 607 1580 662 et
1615 590 1980 661 vicinitate
2022 592 2246 659 totius
2277 592 2516 687 regio-

390 709 537 793 nis;
572 728 663 776 ex
693 704 808 775 his
826 706 1041 775 etiam
1074 701 1672 777 attributionibus
1701 727 1718 771 τ
1759 724 1960 773 sacer
1996 722 2088 769 an
2132 698 2512 797 profanus»,

390 815 731 915 publicus
756 840 849 885 an
876 816 1228 911 privatuS,
1252 814 1528 885 alienus
1553 836 1646 883 an
1675 811 1925 909 ipsius,
1951 810 2044 881 de
2075 834 2229 908 quo
2253 811 2514 908 agitur,

390 926 597 997 locus
638 927 731 995 sit
764 950 859 995 an
894 918 1178 996 fueritss.

488 1038 803 1130 Tempus
850 1048 957 1105 est
971 1046 1027 1121 9,
1068 1034 1143 1105 id
1184 1056 1337 1131 quo
1386 1056 1588 1103 nunc
1637 1033 1911 1103 utimur
1947 1031 2162 1126 (nam
2197 1032 2519 1129 ipsum¹⁰

393 1142 687 1239 quidem
716 1143 1143 1241 generaliter
1156 1142 1453 1215 definire
1480 1140 1774 1213 difficile
1801 1141 2156 1238 est),pars
2187 1139 2519 1237 quaedam

392 1255 840 1341 aeternitatis,
898 1278 1063 1325 cum
1104 1254 1403 1349 alicujus
1440 1254 1704 1340 annui,
1744 1254 2096 1323 menstrui
2119 1262 2203 1339 ¹¹,
2241 1251 2524 1335 diurni,

394 1367 821 1436 nocturnive
840 1366 1051 1462 spatii
1088 1378 1283 1437 certa
1320 1360 1860 1459 significatione.
1895 1364 1982 1430 In
2016 1360 2156 1431 hoc
2179 1372 2331 1432 et¹²
2363 1384 2523 1459 quae

392 1476 895 1571 praeterierint,
930 1474 1523 1560 considerantum
1557 1488 1630 1544 et
1667 1496 1918 1543 eorum
1957 1474 2282 1569 ipsorum
2309 1526 2328 1559 ,
2361 1494 2520 1568 quae

393 1598 695 1681 propter
716 1598 1161 1655 ·vetustatem
1214 1581 1708 1654 obsoleverint
1727 1636 1746 1668 ,
1807 1596 1890 1653 ut
1929 1578 2374 1685 incredibilia
2411 1581 2516 1649 vi-

397 1693 713 1765 deantur·
744 1685 803 1739 ¹3
830 1744 850 1781 ,
914 1709 989 1766 et
1040 1695 1183 1790 jam
1241 1696 1317 1763 in
1388 1690 1794 1765 fabularum
1860 1713 2246 1761 numerum
2305 1714 2522 1787 repo-

468 1892 518 1938 8.
537 1888 796 1951 Anfuen't.
823 1886 1022 1939 Sehiitz.
1059 1912 1081 1935 ι
1104 1902 1192 1939 aut
1218 1890 1362 1938 fuerit
1380 1910 1407 1930 a·

396 1986 424 2015 e
448 1968 595 2017 codd.
621 1968 756 2018 Leid.
792 1969 820 2016 3
851 1980 901 2019 et
925 1972 1071 2017 Voss.
1100 1984 1130 2016 u
1167 1968 1409 2034 pretulit,

394 2046 507 2111 quia
544 2058 654 2111 post
688 2047 797 2095 illas
831 2047 1125 2111 quaestiones
1138 2080 1153 2105 ,
1188 2062 1323 2096 sacer
1346 2062 1411 2095 au

394 2126 629 2189 profanus
640 2160 659 2187 ‚
686 2126 913 2189 publicus
930 2141 993 2174 an
1009 2126 1230 2190 privatus
1243 2160 1260 2185 ,
1280 2142 1412 2189 quae-

394 2206 491 2252 atio
534 2204 595 2253 de
632 2215 849 2269 tempore
891 2206 1121 2269 presenti
1162 2216 1247 2253 aut
1293 2221 1413 2268 pra-

393 2284 543 2333 terito
561 2284 845 2332 secundaria
864 2294 1051 2332 tantum
1075 2294 1206 2344 erat,
1232 2298 1333 2331 non
1360 2286 1413 2332 in

396 2363 567 2412 eodem
586 2363 757 2412 ordine
774 2377 874 2426 qno
892 2363 989 2411 ille
1005 2398 1019 2423 ‚
1038 2363 1284 2429 ponenda.

466 2457 517 2504 9.
548 2443 755 2507 Tempus
780 2453 869 2490 ese.
895 2443 997 2492 Alii
1012 2478 1027 2502 ,
1064 2465 1090 2485 ιι
1111 2455 1303 2508 tempus
1327 2459 1413 2492 an·

396 2533 491 2570 lem
520 2533 593 2571 “t
609 2545 651 2570 ι.

470 2617 552 2652 ιο.
584 2605 764 2666 Ipsum.
804 2601 864 2650 Id
890 2613 994 2662 est,
1038 2619 1127 2668 per
1153 2621 1205 2652 se
1230 2613 1419 2668 specta·

394 2693 499 2730 tum
514 2717 529 2740 ,
544 2683 749 2732 notione
763 2682 995 2731 vocabuli
1015 2682 1233 2732 abstrusa
1252 2695 1301 2732 et
1320 2699 1417 2730 ine·

392 2761 666 2826 tapbysica.
687 2763 802 2809 Scit.

472 2855 550 2887 ιι.
571 2839 809 2888 Menstrua·
818 2873 833 2898 ‚
864 2839 1049 2891 diurni.
1090 2841 1218 2890 MSS
1254 2841 1418 2907 plures

394 2919 665 2976 merum-ni,
698 2929 754 2966 ut
783 2929 835 2968 et
868 2919 1141 2968 Priscianus
1165 2920 1295 2970 citat.
1332 2925 1418 2968 Fa·

395 3009 513 3047 vent
545 2998 657 3047 edd.
698 2999 869 3062 primae
912 3019 934 3042 ι
950 3015 1171 3048 mensura
1214 2999 1377 3049 diurni
1392 3021 1417 3042 n

394 3092 553 3142 usque
593 3077 657 3125 ad
692 3077 907 3136 Aldum,
944 3093 973 3125 a
1016 3093 1119 3142 quo
1164 3079 1415 3143 vulgatum

394 3167 487 3206 est.
516 3159 575 3204 In
602 3156 727 3204 MSS
756 3157 889 3205 Cass.
918 3155 1119 3206 additur
1142 3157 1415 3224 vespertini.

394 3237 526 3284 Ean.
561 3261 629 3273 -—
668 3236 923 3285 Mensae-m·
952 3237 1055 3286 Pal.
1093 3253 1168 3302 pr.
1206 3255 1233 3286 a
1270 3253 1419 3286 manu

392 3331 493 3370 aec.
532 3315 648 3362 item
682 3317 833 3365 Grev.
872 3328 923 3364 et
957 3316 1059 3365 duo
1096 3317 1418 3382 antiquissimi

391 3408 521 3457 quos
538 3396 747 3443 excussit
768 3394 1033 3453 Sum-idus,
1052 3405 1171 3444 teste
1186 3395 1417 3459 Grutero,

390 3473 509 3520 item
531 3473 665 3523 Laid.
695 3489 735 3530 t,
760 3490 789 3522 α
808 3507 824 3532 ,
843 3477 987 3521 Voss.
1011 3489 1040 3521 α
1059 3509 1073 3532 ,
1101 3485 1219 3522 teste
1240 3473 1417 3524 Schiit-

394 3549 474 3597 zio
493 3587 507 3612 ,
532 3551 617 3615 qui
644 3550 769 3598 banc
796 3551 910 3599 lect.
930 3564 1163 3616 sequutus
1186 3565 1275 3602 est.

476 3645 555 3676 n.
584 3630 645 3676 In
666 3627 757 3676 hoe
782 3639 833 3676 et
866 3645 981 3693 φησι
1004 3665 1159 3679 .....
1184 3644 1233 3679 et
1256 3649 1419 3680 eorum

392 3709 630 3772 ι’ρεοηιηι.
646 3709 763 3756 Hoec
779 3709 949 3772 paullo
966 3709 1273 3774 impeditiora
1290 3723 1421 3770 sunt,

394 3797 451 3834 ut
486 3785 663 3849 aliquis
708 3785 889 3834 haeoere
932 3787 1103 3853 possit.
1146 3791 1231 3839 Est
1274 3791 1423 3854 igitur

392 3863 597 3930 partitio
624 3866 675 3912 in
694 3865 941 3929 preterita
956 3901 973 3927 ,
994 3869 1249 3930 prasentia
1272 3880 1323 3917 et
1340 3871 1420 3916 fu-

391 3953 519 3992 tura.
554 3944 802 3991 Praeterit·
844 3961 997 4009 porro
1043 3957 1185 4005 sunt,
1225 3957 1271 3995 et
1312 3963 1421 4010 quse

394 4033 601 4086 propter
625 4032 917 4071 vetustatem
956 4025 1256 4074 incredibilia
1290 4026 1413 4090 facia

395 4109 535 4162 sunt,
575 4109 621 4149 et
665 4116 777 4164 quae
824 4103 1003 4166 pariter
1047 4104 1185 4153 valde
1228 4117 1411 4155 remota

1494 1899 1639 1947 sunt,
1670 1887 1754 1935 aed
1781 1897 1940 1935 umen
1968 1898 2126 1949 certa,
2161 1887 2374 1951 denique
2403 1904 2516 1953 que

1495 1985 1653 2033 nuper
1673 1978 1955 2017 evenerunt.
1979 1972 2097 2017 Haec
2123 1970 2216 2016 tria
2231 1970 2380 2033 igitur
2395 1984 2515 2033 pen-

1497 2047 1614 2096 dent
1653 2062 1682 2094 a
1720 2045 1884 2095 verbis
1927 2068 1949 2091 ι
1973 2056 2022 2094 et
2061 2062 2230 2095 eorum
2267 2048 2484 2112 ipsorum
2501 2082 2516 2106 ‚

1495 2142 1606 2191 qnae
1617 2160 1629 2173 .
1645 2164 1656 2176 .
1671 2160 1686 2173 .
1697 2126 2030 2175 obsoleverint
2041 2160 2054 2174 .
2069 2162 2084 2173 .
2098 2160 2110 2172 .
2123 2137 2172 2174 et
2191 2142 2302 2190 qun
2316 2128 2416 2187 jam
2436 2127 2521 2175 diu

1506 2238 1547 2256 ..
1561 2246 1570 2256 .
1585 2208 1765 2256 faciant
1785 2204 1930 2254 iidem
1951 2241 1966 2264 ,
2001 2222 2140 2254 vere.
2158 2243 2170 2256 .
2185 2218 2260 2255 .et
2284 2222 2394 2270 quse
2429 2224 2518 2254 uu-

1495 2304 1606 2354 per.
1621 2323 1631 2336 .
1647 2288 1864 2353 .possint
1887 2306 1927 2333 ι.
1949 2288 2111 2351 Quum
2129 2286 2199 2334 sic
2221 2286 2516 2352 prieteritum

1497 2381 1690 2432 tempus
1713 2380 1886 2416 auctor
1912 2367 2232 2433 explicuerit,
2264 2367 2438 2415 transit
2455 2365 2519 2412 ad

1497 2463 1708 2512 presens
1731 2470 1757 2490 α
1771 2457 1822 2495 et
1851 2446 1970 2494 item
1994 2461 2104 2510 quae
2127 2445 2310 2493 instent
2331 2469 2380 2502 a,
2409 2445 2517 2495 scil.

1499 2525 1872 2575 considerantur
1896 2540 1911 2574 ε
1944 2523 2121 2572 deiude
2146 2525 2330 2572 mentio
2360 2523 2419 2572 de
2444 2525 2519 2572 fu-

1499 2615 1618 2654 turo
1654 2615 1728 2654 est
1765 2618 1778 2652 2
1827 2625 1849 2646 ι
1865 2613 1914 2652 et
1953 2619 2062 2668 quae
2106 2613 2466 2668 consequantur
2478 2625 2522 2652 n.

1499 2684 1728 2733 Ceterum
1756 2682 2076 2744 prater-ierint
2106 2684 2278 2746 scripsi
2305 2695 2356 2732 et
2381 2685 2524 2731 obso-

1500 2763 1720 2825 leverim,
1741 2763 1822 2810 vel
1842 2762 1908 2810 ob
1931 2762 2056 2810 hanc
2073 2777 2265 2810 causam
2297 2779 2358 2811 ne
2383 2761 2522 2810 modi

1498 2841 1762 2890 verborum
1795 2841 2072 2905 discrepent
2106 2839 2248 2906 (nam
2273 2841 2325 2888 in
2353 2841 2526 2890 ceteris

1499 2921 1729 2970 membris
1751 2931 1865 2968 sunt
1887 2919 2006 2967 meri
2027 2919 2371 2984 conjunctivi),
2385 2920 2522 2984 qnod

1499 3001 1675 3050 Cicero
1727 2997 1854 3047 dicit
1903 3015 2008 3046 esse
2055 3000 2228 3047 vitium
2272 3000 2526 3050 latinitatis

1501 3080 1783 3128 maximum.
1803 3077 1867 3126 Et
1879 3078 2202 3141 praeterierim
2217 3079 2400 3129 babent
2421 3081 2530 3145 qui-

1503 3157 1614 3205 da·
1649 3156 1797 3216 libri,
1831 3167 1886 3204 ut
1928 3156 2093 3207 Guelf.
2133 3169 2364 3224 uterque3
2409 3160 2524 3210 item

1502 3235 1796 3284 obsoluerint
1819 3235 1950 3301 apud
1985 3236 2117 3286 Oud.
2139 3237 2226 3300 qui
2246 3250 2295 3286 et
2319 3240 2522 3304 probat.

1501 3317 1582 3365 Sic
1609 3315 1766 3365 edidit
1798 3316 1858 3363 de
1886 3314 2079 3376 judicio
2114 3333 2206 3366 suo
2239 3319 2528 3383 Lambinus,

1502 3396 1588 3445 sed
1615 3410 1761 3443 nenio
1789 3411 1897 3442 eum
1921 3395 2094 3444 audiit.
2125 3397 2250 3446 Eun.
2273 3425 2339 3434 —-
2355 3398 2531 3448 Scbiit-

1503 3476 1606 3524 aius
1633 3487 1802 3524 contra
1832 3474 1926 3523 sibi
1950 3477 2100 3540 magis
2127 3477 2320 3542 placere
2341 3479 2529 3526 indica-

1504 3555 1634 3603 tivos
1665 3554 1878 3603 declarat
1895 3591 1909 3614 ,
1928 3557 2041 3620 quia
2061 3557 2190 3604 nulla
2213 3559 2294 3606 hic
2313 3569 2382 3606 est
2405 3555 2528 3605 obli-

1505 3635 1664 3698 quitas
1685 3636 1941 3683 sententioe
1955 3670 1970 3694 ,
1997 3647 2044 3683 et
2063 3651 2174 3683 cum
2194 3637 2391 3684 [allen.
2413 3637 2530 3684 scri-

1503 3711 1577 3759 bit
1601 3735 1626 3754 α
1638 3713 1977 3776 preterierunt
1992 3749 2006 3771 ‚
2028 3713 2350 3762 obsoluerunt
2361 3737 2406 3762 ιι.

1581 3793 1662 3839 ι3.
1696 3793 1762 3840 Ue
1782 3790 2086 3840 incredibilia
2109 3791 2390 3839 videantur.
2421 3795 2527 3841 Διι-

1507 3881 1618 3919 ctor
1634 3871 1994 3936 Excerptorum
2018 3870 2080 3918 de
2100 3869 2224 3917 locis
2243 3871 2386 3918 Rbet.
2407 3893 2433 3913 α
2447 3885 2534 3921 aut

1505 3948 1811 3997 incredibilia
1860 3949 2116 3998 videantur
2148 3971 2173 3993 a
2189 3985 2203 4008 ,
2256 3951 2390 4014 quod
2441 3967 2542 3999 cun

1505 4027 1858 4092 preferendum
1913 4030 1974 4077 sit
1996 4064 2010 4088 ,
2065 4045 2254 4078 causam
2303 4046 2407 4080 uon
2461 4032 2532 4078 vi-
2621 4091 2628 4100 ο

1502 4107 1614 4156 deo.
1639 4109 1758 4156 Son.
