2982 4682
710 372 833 439 DE
876 368 1481 451 INVENTIONE,
1533 364 1803 433 LIBER
1851 366 1926 446 I,
1967 385 2080 456 29.
2320 358 2460 433 335

336 493 705 577 henditur,
756 490 848 561 ad
902 489 1095 559 hunc
1136 486 1437 559 modum
1472 514 1489 556 ε
1546 514 1580 550 α
1605 487 1678 555 Si
1737 482 2118 582 improbus
2161 498 2300 569 est,
2333 508 2466 554 cur

338 602 600 677 uteris?
640 602 751 673 sin
788 598 1095 697 probus,
1138 621 1269 668 cur
1308 620 1596 667 accusas
1613 596 1682 665 ἓ»

437 706 946 785 Enumeratio³
986 724 1131 790 est,
1166 708 1239 777 in
1278 732 1423 803 qua
1446 761 1466 794 ,
1495 704 1822 803 pluribus
1849 704 2070 775 rebus
2097 706 2472 801 expositis,

341 838 415 897 et
464 821 719 895 ceteris
770 816 1183 905 infirmatis,
1234 842 1379 887 una
1421 816 1700 912 reliqua
1749 818 2152 886 necessario
2205 814 2469 885 confir-

342 948 619 1037 matur,-
658 931 800 1001 hoc
862 942 1073 1027 pacto
1125 955 1141 995 :
1183 958 1213 992 α
1239 930 1547 997 Necesse
1601 938 1710 997 est
1761 939 1886 995 aut
1937 925 2471 995 inimicitiarum

288 1076 295 1091 ·
344 1066 553 1117 causa
588 1040 680 1111 ab
710 1040 851 1111 hoc
888 1062 1041 1109 esse
1076 1039 1388 1108 occisum
1416 1092 1434 1123 ,
1468 1052 1596 1107 aut
1628 1050 1898 1119 metus,
1927 1050 2056 1105 aut
2090 1038 2241 1133 spei
2257 1040 2312 1121 4,
2347 1050 2471 1105 aut

344 1154 645 1247 alicujus
676 1152 881 1221 amici
916 1152 1179 1246 gratim
1212 1163 1371 1236 aut,
1414 1150 1475 1219 si
1517 1148 1778 1219 horum
1817 1147 1998 1217 nihil
2037 1161 2176 1234 est,
2202 1146 2294 1217 ab
2332 1148 2476 1217 hoc

346 1284 495 1335 non
526 1284 679 1339 csse
706 1261 1047 1331 occisum.
1096 1260 1279 1329 Nam
1310 1259 1465 1329 sine
1508 1278 1718 1329 causa
1751 1254 2190 1327 maleficium
2235 1280 2472 1329 susce-

344 1387 553 1469 ptum
592 1393 749 1441 esse
776 1394 929 1439 non
970 1378 1231 1465 potest.
1272 1368 1411 1439 Sed
1450 1390 1692 1465 neque
1728 1368 2116 1438 inimicitiae
2143 1365 2474 1472 fuerunt,

346 1506 481 1553 nec
540 1494 776 1553 metus
822 1478 1054 1567 ullus,
1100 1502 1235 1549 nec
1292 1500 1457 1575 spes
1509 1502 1594 1549 ex
1640 1494 1872 1549 morte
1931 1477 2120 1549 illius
2176 1478 2477 1573 alicujus

347 1589 997 1685 commodi,neque
1030 1587 1119 1659 ad
1148 1588 1455 1659 amicum
1476 1589 1692 1683 hujus
1715 1587 2026 1685 aliquem
2067 1611 2262 1660 mors
2288 1589 2478 1660 illius

346 1699 784 1801 pertinebat.
848 1699 1306 1795 Relinquitur
1372 1698 1616 1796 igitur,
1677 1713 1762 1768 ut
1820 1698 1911 1768 ab
1971 1697 2111 1769 hoc
2179 1722 2330 1770 non
2387 1702 2478 1769 sit

347 1833 629 1883 ocelsus
666 1840 723 1879 ³).

448 1920 763 2017 Simplex
806 1934 1045 1991 autem
1092 1914 1508 1987 conclusio⁵
1549 1942 1637 1987 ex
1680 1920 2077 1989 necessaria
2126 1940 2478 1990 consecu-

350 2027 595 2103 tione⁶
624 2027 1029 2112 conficitur,
1060 2027 1198 2098 hoc
1226 2027 1486 2097 modo:
1521 2030 1640 2097 «Si
1669 2052 1798 2097 vos
1829 2052 1942 2097 me
1969 2027 2164 2098 istud
2185 2052 2276 2098 eo
2300 2043 2480 2099 tem·

350 2158 529 2239 pore
572 2138 821 2211 fecisse
854 2137 1085 2209 dicitis
1108 2191 1129 2223 ,
1156 2162 1289 2234 ego
1326 2152 1568 2208 autem
1605 2162 1694 2208 eo
1729 2138 1886 2235 ipso
1916 2153 2246 2236 tempore
2277 2154 2474 2210 trans

346 2268 546 2323 mare
562 2248 697 2338 fui3
728 2250 1187 2347 relinquitur,
1202 2262 1285 2318 ut
1300 2247 1397 2335 id,
1409 2246 1609 2345 quod
1625 2248 1858 2319 dicitis
1874 2302 1893 2333 ,
1915 2274 2068 2319 non
2086 2248 2308 2319 modo
2323 2272 2474 2319 non

348 2359 638 2431 fecerim
662 2413 681 2445 ,
722 2359 847 2429 sed
881 2384 975 2429 ne
1012 2359 1371 2456 potuerim
1402 2357 1696 2456 quidem
1727 2356 1961 2431 facere
1978 2390 2032 2428 22.
2065 2363 2302 2457 Atque
2335 2360 2475 2432 hoc

346 2467 729 2567 diligenter
765 2462 1007 2538 videre
1047 2463 1448 2564 oportebit,
1493 2494 1588 2539 ne
1633 2495 1782 2566 quo
1821 2485 2032 2567 pacto
2073 2495 2300 2567 genus
2335 2471 2480 2542 hoc

348 2577 579 2650 refelli
614 2579 873 2676 possit,
910 2592 993 2650 ut
1030 2603 1123 2648 ne
1156 2577 1659 2649 confirmatio?
1700 2581 2001 2650 modum
2037 2582 2113 2650 in
2158 2605 2235 2652 se
2271 2605 2480 2678 argu-

348 2691 810 2760 mentationis
838 2687 1070 2758 solum
1096 2683 1359 2758 habeat
1379 2743 1399 2777 ,
1430 2699 1502 2759 et
1528 2689 1914 2786 quamdam
1939 2687 2478 2761 similitudinem

348 2799 764 2872 necessariae
803 2795 1320 2884 conclusionis,
1358 2823 1616 2870 verum
1649 2802 1802 2897 ipsa
1833 2804 2365 2896 argumentatio
2391 2826 2478 2872 ex
2539 2825 2548 2839 ·

348 2911 745 2981 necessaria
782 2909 1057 2978 ratione
1094 2909 1455 2980 consistat.

446 3019 701 3118 (xx1x.)
722 3013 1105 3090 Probabile
1125 3031 1363 3088 autem
1390 3035 1498 3090 est
1523 3017 1594 3088 id
1617 3073 1636 3104 ,
1659 3017 1860 3116 quod
1889 3015 2035 3090 fere
2062 3017 2220 3090 fieri
2255 3016 2438 3092 solet
2455 3077 2476 3108 ,

346 3147 477 3202 aut
509 3130 708 3228 quod
750 3132 825 3200 in
852 3129 1201 3226 opinione
1236 3130 1554 3225 positum
1585 3143 1730 3215 est,
1757 3143 1882 3200 aut
1917 3129 2114 3226 quod
2155 3131 2376 3203 habet
2405 3135 2480 3204 in

350 3265 429 3312 se
454 3239 545 3310 ad
574 3237 723 3309 haec
746 3237 1132 3336 quamdam
1162 3237 1736 3328 similitudinem,
1775 3241 1921 3311 sive
1950 3239 2020 3310 id
2053 3238 2314 3312 falsum
2341 3259 2478 3329 est,

348 3349 499 3420 sive
540 3373 808 3420 verum.
849 3351 937 3418 In
970 3373 1059 3418 eo
1104 3371 1405 3444 genere,
1437 3349 1636 3446 quod
1669 3347 1818 3422 fere
1851 3349 2036 3423 solet
2067 3349 2226 3422 fieri
2246 3407 2266 3440 ,
2310 3379 2478 3451 pro-

348 3459 593 3531 babile
648 3457 1066 3553 hujusmodi
1126 3473 1279 3529 est:
1312 3487 1345 3522 «t
1376 3459 1445 3530 Si
1493 3475 1726 3530 mater
1779 3475 1919 3549 est,
1961 3459 2194 3560 diligit
2227 3461 2476 3534 filium.

420 3627 473 3674 3.
499 3624 839 3684 Enumeratio,
878 3623 939 3672 de
958 3633 1053 3688 qm
1072 3623 1185 3672 vido
1214 3640 1259 3671 c.
1286 3625 1373 3682 45.
1535 3626 1586 3674 6.
1631 3625 1999 3675 consecutione.
2046 3629 2121 3676 De
2159 3638 2254 3694 qua
2295 3631 2484 3695 respice

348 3707 529 3755 wrm.
1463 3721 1572 3770 ουρ.
1605 3706 1689 3752 28.

424 3785 595 3840 4.Aue
616 3793 796 3842 meus,
822 3793 909 3830 aut
928 3783 1049 3847 spei.
1070 3783 1267 3832 lanam.
1284 3795 1377 3832 aue
1539 3801 1585 3846 9.
1611 3787 1674 3832 m
1689 3801 1753 3834 ne
1775 3785 2096 3854 confirmatio.
2118 3786 2384 3836 Lambinus
2406 3802 2482 3837 os-

343 3875 479 3912 mem
494 3896 511 3926 ,
536 3873 625 3912 aut
646 3879 745 3927 spe.
1462 3875 1650 3912 severat
1675 3864 1932 3930 legendum
1967 3882 2029 3912 ex
2055 3865 2298 3914 veteribus
2339 3879 2392 3915 m
2420 3885 2484 3918 ne

426 3943 477 3992 ⁵.
507 3942 777 3990 Conclusio.
808 3943 880 3990 De
906 3942 1041 3990 vario
1060 3942 1205 4004 hujus
1233 3959 1375 3992 voca-
1461 3941 1751 4010 infirmatio,
1783 3945 1922 4008 quod
1943 3945 1992 3992 in
2013 3945 2153 3992 nullo
2184 3956 2257 3993 est
2291 3959 2482 3998 nostro-

347 4023 457 4072 buli
498 4023 633 4092 apud
670 4023 887 4070 rhetore·
924 4039 1013 4070 mu
1058 4023 1257 4072 consule
1298 4023 1375 4070 in·
1466 4037 1592 4082 rum,
1617 4039 1774 4088 neque
1799 4025 2118 4071 meminerunt
2148 4025 2228 4072 atii
2255 4027 2482 4079 editores.

348 4101 531 4151 dicem.
1468 4103 1637 4150 Gau-r.
1657 4122 1724 4139 *-
1743 4101 1943 4150 ranem.
1965 4113 2012 4150 ee
2029 4119 2114 4163 ne,
2133 4117 2225 4168 pro
2247 4119 2300 4154 m
2319 4123 2394 4158 ne.
