2982 4682
771 350 1261 418 ORATORIAE
1311 350 1952 438 PARTITIONES‚
2009 348 2117 423 15.
2363 348 2507 449 589

371 470 699 542 dolorem
747 467 1104 567 fugientes
1148 471 1361 542 multi
1416 473 1493 542 in
1541 474 1919 543 tormentis
1967 476 2288 547 ementiti
2339 500 2503 574 per·

371 606 553 678 saepe
584 595 791 667 sunt,
831 580 1167 676 morique
1202 580 1618 653 maluerunt
1652 578 1907 653 falsum
1942 579 2502 681 fatendo,quam

372 689 797 762 infitiando⁴
841 689 1109 761 dolere.
1152 689 1363 760 Multi
1410 692 1630 761 etiam
1679 714 1878 761 suam
1925 691 2137 760 vitam
2175 693 2504 787 neglexe-

370 817 572 888 runt,
600 816 683 870 ut
708 824 834 871 eos
852 854 871 887 ‚
904 802 1033 896 qui
1061 798 1174 869 his
1195 800 1508 871 cariores
1528 853 1549 888 ‚
1570 823 1788 896 quam
1811 801 1944 896 ipsi
1962 798 2101 869 sibi
2122 816 2356 871 essent
2379 857 2400 889 ‚
2427 802 2512 877 li-

370 908 744 998 berarent;
784 910 902 981 alii
934 925 1177 981 autem
1210 924 1338 981 aut
1360 924 1621 981 natura
1639 911 1997 1007 corporiS‚
2034 925 2160 980 aut
2195 934 2500 983 consue-

373 1018 622 1091 tudine
660 1017 999 1107 dolendi,
1044 1034 1170 1089 aut
1206 1034 1407 1091 metu
1444 1019 1784 1117 supplicii
1833 1043 1916 1089 ac
1961 1010 2303 1106 mortis⁵‚
2359 1022 2501 1091 vim

370 1142 903 1199 tormentorum
943 1128 1443 1227 pertulerunt3
1504 1128 1624 1199 alii
1657 1129 1984 1199 ementiti
2019 1144 2192 1199 sunt
2226 1130 2304 1199 in
2338 1154 2464 1201 eos
2485 1185 2505 1220 ‚

368 1265 557 1337 quos
611 1237 937 1311 oderant.
996 1247 1235 1337 Atque
1286 1240 1435 1310 haec
1488 1239 1838 1336 exemplis
1893 1237 2247 1311 firmanda
2309 1255 2501 1311 sunt.

368 1353 623 1446 Neque
679 1364 784 1420 est
840 1348 1271 1438 obscurum,
1335 1351 1519 1447 quin
1579 1349 1964 1445 (quoniam
2004 1350 2080 1419 in
2119 1363 2502 1447 utramque

368 1455 697 1556 partem⁶
729 1476 901 1531 sunt
933 1459 1265 1558 exempla
1283 1514 1303 1548 ‚
1328 1474 1399 1531 et
1427 1460 1604 1531 item
1623 1458 1713 1530 ad
1734 1460 2225 1554 conjecturam
2251 1457 2507 1533 facien·

368 1568 531 1641 dam
566 1570 751 1663 loci)
783 1572 857 1640 in
887 1571 1263 1641 contrariis
1296 1570 1658 1641 contraria
1685 1572 1830 1639 sint
1860 1568 2230 1639 sumenda.
2263 1573 2502 1668 Atque

368 1680 583 1749 etiam
616 1682 926 1750 incurrit
961 1679 1094 1750 alia
1134 1678 1465 1775 quaedam
1506 1682 1580 1748 in
1622 1676 1924 1756 testibus
1956 1692 2028 1749 et
2059 1684 2136 1749 in
2170 1682 2501 1777 quaestio-

370 1786 587 1859 nibus
624 1791 806 1859 ratio
846 1815 862 1857 ε
908 1813 1091 1886 saepe
1136 1790 1329 1859 enim
1390 1812 1500 1875 ea,
1551 1812 1712 1883 quae
1766 1787 1953 1859 dicta
2009 1803 2214 1878 sunt,
2273 1793 2332 1861 si
2379 1808 2504 1865 aut

312 1974 325 1985 ,
369 1897 739 1995 ambigue,
797 1912 921 1968 aut
962 1900 1549 1995 inconstanter(
1578 1912 1701 1969 aut
1743 1898 2260 1971 incredibiliter
2314 1902 2503 1976 dicta

367 2026 573 2098 sunt,
612 2024 735 2081 aut
773 2012 988 2081 etiam
1027 2008 1230 2080 aliter
1268 2008 1362 2080 ab
1398 2010 1540 2080 alio
1582 2006 1803 2096 dicta,
1845 2008 2209 2082 subtiliter
2255 2038 2500 2111 repre-

368 2120 813 2193 henduntur.

464 2237 616 2303 XV.
658 2230 833 2329 (xv.)
878 2232 956 2300 C.
990 2234 1063 2300 F.
1114 2236 1456 2302 Extrema
1494 2227 1621 2300 tibi
1666 2253 1830 2328 pars
1870 2244 2092 2301 restat
2127 2230 2501 2320 orationis,

366 2369 527 2441 quae
566 2347 797 2441 posita
834 2346 908 2412 in
949 2340 1368 2440 perorando
1403 2357 1558 2442 est.
1583 2341 1672 2412 de
1714 2366 1856 2439 qua
1903 2365 2073 2414 sane
2114 2341 2326 2412 velim
2375 2369 2502 2414 au-

367 2455 542 2526 dire.
582 2498 679 2508 -—
714 2457 793 2526 C.
850 2459 926 2525 P.
979 2455 1322 2525 Facilior¹
1382 2468 1494 2525 est
1541 2453 1921 2552 explicatio
1977 2453 2496 2550 perorationis:

369 2589 535 2635 nam
588 2580 694 2636 est
736 2565 958 2636 divisa
1001 2567 1074 2636 in
1131 2564 1309 2636 duas
1366 2579 1642 2662 partes,
1701 2561 2375 2661 amplificationem,
2428 2578 2499 2635 et

374 2676 1019 2746 enumerationem.
1060 2673 1389 2771 Augendi
1421 2687 1664 2758 autem
1717 2688 1790 2744 et
1838 2671 1957 2742 hic
2007 2687 2114 2743 est
2167 2675 2502 2772 proprius

366 2783 571 2853 locus
611 2785 686 2851 in
726 2782 1175 2880 perorando;
1222 2795 1293 2853 et
1330 2785 1404 2852 in
1445 2808 1661 2853 cursu
1701 2785 1859 2880 ipso
1898 2783 2241 2854 orationis
2281 2782 2496 2854 decli-

368 2893 696 2962 nationes
724 2891 812 2961 ad
848 2891 1431 2990 amplificandum
1464 2891 1754 2978 dantur,
1791 2891 2216 2963 confirmata
2250 2917 2328 2963 re
2368 2892 2494 2964 ali-

367 3025 544 3097 qua,
576 3015 700 3070 aut
740 3001 1199 3096 reprehensa.
1230 3008 1357 3074 Est
1402 3002 1620 3097 igitur
1661 2999 2162 3098 amplificatio,
2206 3004 2492 3100 gravior

367 3107 694 3206 quaedam
736 3105 1147 3192 affirmatio,
1180 3135 1339 3208 quae
1372 3125 1580 3182 motu
1615 3112 2020 3181 animorum
2047 3113 2383 3184 conciliet
2419 3117 2494 3186 in

438 3297 486 3346 4.
524 3290 681 3351 Quam
710 3287 803 3354 ¹⁰⁰st
831 3289 1015 3337 dolere.
1050 3291 1165 3338 Em.
1195 3310 1217 3332 ι
1238 3305 1383 3354 quam
1471 3289 1649 3336 mentia
1675 3287 1862 3336 diutius
1887 3289 2111 3338 cruciari.
2135 3289 2364 3354 Sequitur
2383 3309 2500 3342 mox

365 3384 531 3417 verum
563 3369 651 3417 inf.
687 3369 788 3418 dol.
811 3391 833 3412 ι
860 3370 899 3416 Ε
920 3369 1045 3417 MSS
1068 3369 1168 3416 Erl.
1190 3369 1383 3432 inquit,
1472 3368 1524 3417 id
1543 3367 1704 3432 ipsum
1724 3367 1786 3414 de
1806 3382 1908 3431 quo
1929 3369 2117 3417 Emeat.
2144 3369 2228 3418 hic
2248 3363 2326 3434 agi
2351 3383 2496 3436 pute-

364 3461 415 3496 et
440 3452 505 3498 V.
537 3460 586 3497 et
612 3449 690 3498 ed.
716 3452 841 3500 Ven.
878 3449 1155 3498 addidimus
1186 3465 1383 3510 verum,
1470 3447 1559 3496 bat
1594 3461 1609 3496 z
1657 3470 1680 3488 ··
1699 3446 1849 3494 Multi
1906 3447 2075 3507 etim,
2120 3459 2216 3497 eto.
2247 3469 2271 3490 ιο
2318 3454 2498 3498 Verum

365 3528 501 3592 quod
534 3539 585 3576 et
619 3544 696 3576 rea
720 3529 859 3590 jubet
898 3528 1093 3580 addere.
1128 3531 1385 3578 Servorum
1470 3526 1623 3590 igitur
1649 3525 1846 3574 delevit.
2301 3527 2312 3536 ’

365 3607 611 3673 exempla,
640 3609 725 3671 qui
750 3610 803 3656 in
826 3611 1078 3657 tormentis
1102 3625 1267 3656 amore
1295 3608 1385 3657 do-
1547 3607 1596 3654 5.
1623 3609 1698 3652 Ac
1730 3605 1910 3654 mortis.
1949 3605 2029 3653 Sic
2063 3606 2156 3654 MS
2190 3606 2256 3653 V.
2292 3609 2492 3672 corrigit

362 3687 605 3734 minorum
650 3702 821 3734 verum
863 3687 1073 3736 confessi
1115 3703 1217 3736 non
1245 3697 1385 3748 sunt,
1474 3697 1564 3734 aue
1589 3701 1608 3732 .-
1637 3687 1708 3734 εἰσ
1731 3685 1808 3734 ed.
1833 3687 1960 3734 Ven.
1988 3685 2130 3735 bene.
2157 3688 2284 3734 En«.

369 3765 459 3813 sed
488 3775 765 3814 constantes
782 3778 1081 3830 negaverunt
1094 3801 1110 3826 ,
1132 3767 1271 3832 plum
1291 3769 1388 3815 Ve·
1547 3766 1598 3814 6.
1615 3767 1678 3812 In
1707 3777 1962 3830 ueramque
1978 3777 2194 3828 partem.
2210 3765 2420 3814 Volebat
2435 3769 2500 3816 ita

366 3855 488 3892 teres
508 3843 1001 3894 tradidere.-—Wetz.
1022 3855 1185 3894 autem
1212 3847 1388 3894 rectius
1476 3844 1574 3910 legi
1605 3845 1666 3893 de
1699 3846 1980 3906 conjectura
2015 3843 2306 3904 hmbinua,
2328 3861 2498 3909 quem·

365 3922 594 3985 intelligit
612 3909 675 3970 de
691 3923 843 3971 servis
858 3925 947 3988 qui
968 3923 1095 3972 mori
1113 3924 1389 3974 maluerunt
1478 3923 1744 3974 admodum
1774 3940 1999 3989 expresse
2025 3923 2174 3972 habet
2207 3923 2308 3972 1³21.
2342 3939 2420 3988 pt.
2447 3937 2497 3974 et

362 4001 523 4049 »celus
549 4000 760 4061 fatendo,
774 4000 910 4064 qnod
936 4018 1036 4050 non
1065 4003 1384 4062 admiserant,
1478 4001 1840 4066 nium-pAEdd.
1851 4012 1970 4051 vett.
1986 4001 2295 4066 doumque
2308 4011 2443 4066 perte
2453 4025 2498 4053 a.

362 4095 529 4145 quam,
548 4077 809 4130 infitiando
826 4079 925 4129 hoe
948 4081 1079 4131 idem
1100 4084 1275 4144 scelus,
1292 4093 1389 4133 tor·
1552 4083 1666 4132 XV.
1701 4097 1745 4130 ι.
1775 4081 2004 4132 Facilior.
2031 4079 2125 4129 nd.
2145 4083 2268 4130 Ven.
2288 4077 2492 4146 sactus,
