2982 4682
471 383 566 466 44
619 383 716 450 Μ.
755 382 832 448 Τ.
872 380 1358 452 CICERONIS
1391 381 1521 451 AD
1556 381 2141 467 HERENNIUM,
2170 383 2337 452 LIB.
2373 385 2437 469 Ῑ,
2483 406 2591 478 ¹7·
2637 456 2645 466 ,

559 500 824 574 Sedulo
869 500 1198 573 dedimus
1238 525 1531 600 operam
1559 557 1580 591 ,
1636 518 1718 573 ut
1761 502 2075 575 breviter
2116 517 2187 574 et
2236 503 2587 588 dilucide,

467 609 736 708 quibus
789 609 881 682 de
933 609 1152 681 rebus
1202 609 1440 682 adhuc
1487 610 1873 683 dicendum
1932 610 2110 698 suit,
2169 611 2596 686 diceremus.
2678 631 2683 640 ·

465 724 674 792 Nunc
701 722 1048 818 quoniam
1087 722 1256 792 satis
1293 721 1513 817 hujus
1542 721 1935 794 voluminis
1972 721 2397 818 magnitudo
2434 747 2591 794 cre·

413 897 418 902 .
465 830 598 916 vit,
646 828 1096 901 commodius
1145 844 1254 902 est
1305 831 1398 901 in‘
1435 830 1663 902 altero
1700 830 1888 903 libro
1935 830 2028 902 de
2076 833 2335 904 ceteris
2373 831 2593 905 rebus

465 939 809 1038 deinceps
863 963 1266 1036 exponere3
1319 965 1415 1012 ne
1460 966 1635 1037 qua,
1698 956 1999 1040 propter
2052 940 2591 1015 multitudinem

463 1048 830 1122 literarum
851 1052 906 1136 ⁴,
943 1050 1170 1146 possit
1199 1051 1517 1122 animum
1544 1065 1751 1122 tuum
1777 1049 2186 1147 defatigatio
2206 1048 2587 1123 retardare.
2620 1065 2625 1068 ’

461 1158 602 1231 Sed
642 1161 702 1230 si
736 1185 886 1256 quo
925 1159 1200 1230 tardius
1235 1159 1427 1247 haec,
1479 1186 1703 1258 quam
1739 1160 1985 1234 studes
2005 1150 2059 1249 ⁵,
2099 1159 2591 1250 absolventur,

460 1292 690 1365 quum
731 1291 974 1339 rerum
1011 1265 1532 1365 magnitudini,
1567 1286 1721 1342 tum
1757 1271 2023 1342 nostris
2059 1294 2356 1368 quoque
2384 1269 2589 1342 occu-

461 1376 876 1476 pationibus
911 1373 1317 1474 assignare⁶
1364 1377 1687 1451 debebis.
1724 1385 2235 1452 Verumtamen
2276 1395 2591 1452 matura-

460 1487 700 1560 bimus
721 1541 742 1575 ,
775 1501 848 1558 et
879 1486 1082 1584 quod
1111 1489 1403 1583 negotio
1441 1488 1944 1561 deminutum7
1976 1487 2230 1577 fuerit,
2258 1514 2588 1587 exaequa-

457 1595 697 1668 bimus
731 1595 1124 1666 industria:
1155 1611 1239 1666 ut
1271 1621 1406 1695 pro
1436 1613 1568 1669 tuo
1594 1600 1671 1668 in
1708 1623 1843 1669 nos
1865 1596 2109 1670 officio
2136 1613 2208 1671 et
2232 1613 2480 1672 nostro
2513 1604 2587 1672 in

459 1719 528 1774 te
569 1703 810 1776 studio
849 1729 1116 1778 munus
1141 1705 1285 1777 hoc
1311 1700 2004 1806 accumulatissimefl
2033 1722 2173 1779 tuae
2209 1707 2590 1806 largiamur

456 1815 828 1888 voluntati.

529 2028 580 2077 4.
617 2019 698 2066 Ne
731 2034 830 2083 qua
843 2005 1096 2084 {propter
1123 2018 1484 2069 multitudinem

457 2097 723 2147 literarum.
755 2096 959 2148 schiitz.
993 2099 1120 2147 delet
1151 2098 1258 2148 haec
1293 2100 1478 2152 verba:

459 2199 484 2221 a
506 2192 583 2240 pr.
623 2177 764 2226 mult.
817 2177 892 2227 lit.
927 2198 951 2221 ι
1009 2179 1110 2239 jam
1156 2180 1367 2228 Grutaro
1418 2178 1482 2226 de

457 2257 615 2319 glossa
651 2267 890 2320 suspecta.
927 2257 1053 2305 Nam
1061 2291 1086 2316 ,
1124 2257 1309 2321 iuquit,
1343 2258 1480 2322 quod

456 2336 508 2384 in
535 2336 612 2383 his
644 2335 805 2385 verbis
840 2336 995 2397 inest,
1020 2337 1120 2398 jam
1154 2334 1477 2401 significatum

456 2426 560 2463 erat
589 2416 693 2463 istis
718 2429 732 2463 ε
777 2436 804 2457 α
826 2415 1056 2479 quoniam
1087 2416 1206 2463 satis
1238 2413 1341 2475 huj.
1376 2415 1475 2465 vol.

457 2510 584 2557 mag.
608 2495 760 2541 crevit
775 2514 818 2543 a.
847 2492 1176 2556 Interpolator
1199 2494 1400 2541 fortasse
1421 2510 1478 2541 ea

455 2573 663 2635 sumpsit
683 2588 710 2619 ο
734 2571 841 2622 Cic.
868 2571 930 2619 de
950 2574 1058 2619 Imr.
1080 2573 1150 2621 11.

531 2651 580 2697 5.
623 2650 722 2697 Sed
752 2650 796 2697 si
815 2666 912 2713 quo
939 2649 1129 2700 tardius
1161 2650 1295 2709 liceo,
1327 2667 1478 2715 quam

455 2730 636 2783 studes.
666 2730 746 2778 Sic
779 2730 892 2778 libri
931 2740 1115 2778 veteres
1150 2746 1242 2779 scr.
1277 2739 1328 2777 et
1363 2729 1477 2778 edd.

459 2825 548 2873 pro
585 2808 723 2875 vulg.
767 2832 794 2851 α
824 2809 929 2858 haec
964 2808 1148 2857 tardius
1173 2830 1217 2855 a.
1254 2810 1477 2857 Gra-vius

456 2888 600 2937 etiam
619 2885 860 2951 probabat
883 2910 908 2929 u
927 2903 1037 2951 quae
1057 2886 1224 2935 studea
1239 2908 1265 2928 υ
1279 2920 1294 2945 ,
1315 2902 1343 2935 e
1363 2885 1473 2935 cod.

457 2967 563 3015 Erf.
581 2983 671 3014 nec
691 2964 892 3030 putabat
909 2964 1115 3013 latinum
1137 2980 1263 3023 esse,
1291 2956 1475 3028 Squam

455 3045 622 3093 studes
640 3066 684 3093 a.
721 3044 814 3095 Sed
847 3044 928 3091 hio
968 3060 1068 3092 nou
1104 3054 1178 3092 est
1213 3060 1372 3093 sermo
1413 3042 1474 3091 de

456 3124 640 3171 artibus
672 3124 823 3187 ipsis,
850 3138 969 3185 quas
1005 3122 1190 3171 discere
1218 3122 1475 3187 cupiebat,

455 3203 541 3251 sed
589 3203 649 3250 de
691 3202 957 3266 cupiditate
996 3202 1188 3265 legendi
1232 3214 1472 3268 praecepta

455 3281 626 3339 amici3
662 3291 712 3327 et
749 3279 1026 3343 praeoedens
1060 3280 1248 3329 tardius
1275 3282 1476 3344 requirit

456 3376 626 3424 quam.
662 3358 863 3407 Studere
888 3374 982 3422 pro
1014 3375 1189 3423 cupere
1221 3358 1320 3407 dici
1351 3360 1476 3407 bene

455 3439 636 3496 latine,
663 3453 767 3487 non
801 3436 946 3485 video
980 3436 1232 3502 quomodo
1263 3436 1474 3487 dubitari

457 3518 612 3580 possit
633 3532 647 3567 ξ
674 3528 724 3565 at
749 3538 774 3557 α
793 3515 986 3565 studere
1012 3516 1196 3574 literas,
1215 3527 1344 3563 artes
1363 3538 1387 3557 n
1410 3532 1474 3564 an

455 3594 578 3643 bene
597 3592 802 3650 dicatur,
835 3596 1074 3643 incertum
1097 3607 1188 3645 eat.
1223 3597 1320 3643 Hic
1355 3612 1472 3661 pro·

457 3683 598 3721 vocat
616 3674 836 3721 Graevius
856 3674 920 3722 ad
950 3677 1034 3722 Or.
1061 3684 1176 3739 post
1203 3672 1330 3723 ned.
1354 3692 1396 3722 c.
1422 3674 1471 3725 6.

455 3752 551 3799 Sed
589 3751 662 3800 ihi
697 3754 802 3817 ipae
827 3771 855 3801 e
880 3754 1006 3802 Mss
1038 3752 1257 3818 pratulit
1291 3752 1470 3812 literis,

454 3843 502 3881 et
521 3834 654 3881 Brut.
678 3834 744 3897 93
759 3868 774 3895 ,
797 3849 908 3881 vera
925 3833 1077 3882 lectio
1095 3844 1167 3882 est
1187 3856 1214 3877 «-
1232 3833 1472 3887 studuisse

1566 2020 1721 2070 literis
1741 2042 1791 2080 ι,
1818 2037 1911 2070 nec
1934 2021 2073 2070 aliter
2098 2036 2247 2070 ausus
2270 2033 2343 2072 est
2369 2021 2511 2073 edere
2535 2025 2586 2072 J.

1570 2099 1794 2149 Gronov.
1850 2115 2143 2163 quamquam
2191 2099 2237 2146 ei
2285 2100 2589 2149 accusativus

1567 2177 1811 2243 placebat.
1828 2181 1961 2227 Ean.
1978 2205 2049 2214 —-
2070 2173 2265 2226 Sehiitz.
2282 2198 2309 2220 α
2328 2179 2415 2226 aed
2435 2179 2476 2226 si
2495 2189 2588 2226 tar-

1568 2256 1679 2304 dius
1717 2256 1823 2305 bec
1842 2277 1899 2315 ι,
1926 2256 2105 2304 ‘deleto
2144 2271 2261 2320 quo.
2304 2257 2383 2306 Sic
2418 2257 2585 2318 edidi,

1565 2335 1755 2401 inquit,
1781 2333 2049 2384 secundum
2080 2334 2159 2383 ed.
2186 2333 2321 2385 Med.
2353 2352 2447 2400 pro
2472 2337 2583 2384 vul-

1566 2424 1703 2478 gato,
1730 2430 1769 2463 s.
1798 2432 1838 2463 ε.
1874 2432 1923 2479 q.
1960 2426 1995 2464 t.
2024 2413 2161 2479 quod
2200 2414 2435 2478 ingratam
2469 2416 2587 2464 facit

1565 2493 1928 2557 amphiboliam.
1956 2493 2073 2543 ald.
2101 2515 2127 2536 ιι
2144 2494 2228 2542 sed
2253 2494 2294 2541 si
2318 2494 2514 2559 quidem
2541 2516 2585 2543 n.

1566 2582 1638 2609 ⁸-
1655 2574 1795 2620 Grut.
1826 2594 1851 2614 α
1873 2571 1958 2620 aed
1984 2571 2027 2619 si
2052 2587 2154 2637 quo
2189 2574 2294 2620 haec
2320 2572 2503 2620 tardius
2521 2588 2583 2632 υς

1566 2662 1642 2699 est
1685 2666 1713 2699 a
1739 2650 1979 2715 plerisque
1997 2683 2014 2709 ,
2056 2651 2220 2715 inquit
2238 2686 2253 2710 ‚
2300 2650 2420 2703 Pall.
2467 2652 2583 2699 item

1566 2730 1706 2779 Fabr.
1733 2741 1783 2779 et
1810 2732 1925 2779 Bru.
1952 2729 2059 2778 aliae
2082 2728 2196 2777 edd.

1636 2808 1687 2857 6.
1750 2808 2033 2874 Asse‘3nare.
2100 2804 2394 2858 'surditatem
2456 2808 2585 2855 hanc

1565 2902 1737 2935 meam.

1638 2982 1685 3025 7.
1710 2967 1778 3013 Et
1794 2964 1934 3029 quod
1950 2964 2147 3030 negotio
2170 2964 2479 3012 deminutum.
2508 2966 2584 3013 De

1563 3042 1782 3109 negocio,
1810 3043 1888 3091 ed.
1918 3046 2065 3101 1476.
2090 3044 2423 3103 Diminutunn
2449 3046 2583 3093 Gru-

1560 3132 1707 3171 terus.
1757 3122 1837 3170 Sic
1886 3122 2103 3187 intellige
2129 3137 2143 3170 :
2174 3134 2222 3171 et
2248 3122 2411 3188 quod,
2459 3122 2585 3184 otii,

1552 3202 1703 3267 spatii
1731 3202 1794 3249 ad
1835 3223 1862 3244 «-
1890 3201 2243 3265 exsequendam
2281 3200 2581 3254 voluntatem

1565 3294 1693 3330 tuam
1726 3281 1919 3343 negotia
1947 3302 1968 3323 ι
1999 3280 2288 3329 abstulerint
2305 3313 2321 3338 ‚
2354 3278 2428 3327 ini
2460 3294 2583 3343 sup·

1563 3358 1803 3424 plebimus
1827 3358 2063 3407 industria
2084 3370 2263 3407 nostra.

1634 3440 1682 3485 8.
1702 3437 2175 3487 Accumulatissime.
2186 3437 2302 3483 Non
2323 3450 2486 3499 parce,
2497 3434 2582 3483 sed

1562 3516 1693 3579 larga
1728 3532 1902 3576 mauu,
1946 3516 2277 3579 potentiorum
2322 3513 2473 3559 instar
2512 3514 2582 3561 ci-

1562 3596 1694 3643 vium
1711 3594 1797 3659 qui
1816 3610 2013 3648 munera
2033 3592 2224 3658 populo
2246 3590 2365 3639 dant
2379 3627 2395 3652 ‚
2418 3592 2581 3661 μέτρῳ

1562 3688 1616 3722 ut
1638 3674 1856 3722 Christus
1884 3689 1962 3737 ap.
1982 3672 2276 3729 Lucam‚V1‚
2305 3672 2397 3727 38,
2424 3670 2586 3733 loqui·

1561 3765 1658 3812 tur,
1694 3753 2029 3821 σεσαλευμίνῳ
2070 3750 2152 3802 καὶ
2188 3750 2581 3819 ὓπερχυνομίνῳ.

1560 3835 1796 3881 Wsnn..

1019 4026 2028 4061 w
