2982 4682
739 381 868 450 AD
919 381 1510 492 ΗΕΒῌΝΝΙΌΜ,
1564 381 1831 450 LIBER
1882 385 1979 467 ΙΙ,
2022 381 2089 454 3.
2396 382 2484 453 53

341 503 541 602 quod
580 501 1046 574 commodum
1093 501 1447 573 maleficio
1483 503 1966 600 appetierit¹⁰‚
2014 528 2191 574 num
2240 503 2478 575 hono-

343 639 536 698 rem,
574 637 750 683 num
789 613 1208 710 pecuniam,
1244 637 1422 683 num
1469 612 2078 700 dominationem;
2134 639 2309 685 num
2356 617 2481 687 ali·

345 750 566 823 quam
617 722 1081 822 cupiditatem
1145 726 1451 810 amoris,
1506 736 1632 793 aut
1688 721 2109 816 hujusmodi
2165 723 2485 798 libidinis

345 837 654 908 voluerit
699 835 1040 933 explere:
1089 849 1213 904 aut
1259 859 1440 904 num
1479 832 1679 930 quod
1716 835 2265 905 incommodum
2306 839 2477 908 vita-

345 946 477 1031 rit,
511 945 953 1031 inimicitias,
991 943 1394 1031 infamiam,
1427 942 1793 1031 dolorem,
1836 944 2289 1042 supplicium.

443 1059 573 1126 ΠΙ.
629 1056 762 1125 Hic
827 1069 1200 1125 accusator
1243 1055 1317 1123 in
1372 1078 1502 1151 spe
1548 1054 1955 1124 commodi¹
2021 1055 2487 1154 cupiditatem

347 1162 684 1236 ostendet
713 1161 1164 1250 adversar-iv,
1197 1166 1272 1233 in
1308 1165 1653 1234 vitatione
1688 1165 2131 1236 incommodi
2167 1165 2490 1239 formidi-

347 1297 517 1345 nem
559 1272 883 1369 augebit:
924 1272 1264 1345 defensor
1297 1288 1542 1345 autem
1573 1273 1866 1372 negabit
1902 1273 2121 1347 fuisse
2156 1301 2445 1349 causam
2468 1334 2487 1362 ‚

347 1385 408 1452 si
453 1386 761 1481 poterit,
815 1398 941 1454 aut
983 1407 1139 1454 eam
1190 1385 1661 1455 vehementer
1705 1385 2171 1475 extenuabit3
2224 1388 2489 1474 deinde

345 1494 552 1590 iniqu
561 1517 682 1562 um
701 1517 856 1565 esse
871 1492 1085 1578 dicet,
1105 1517 1380 1581 omnes,
1402 1493 1493 1565 ad
1520 1520 1709 1593 quos
1723 1495 1997 1594 aliquid
2014 1499 2493 1571 emolumenti

347 1629 438 1674 ex
475 1603 714 1700 aliqua
745 1629 824 1675 re
858 1608 1302 1702 pervenerit,
1343 1609 1418 1674 in
1456 1608 1941 1702 suspicionem
1990 1607 2321 1680 maleficii
2358 1609 2487 1682 de-

347 1715 608 1785 vocari.
639 1713 920 1786 Deinde
956 1717 1100 1784 vita
1134 1714 1451 1786 hominis
1485 1741 1575 1786 ex
1599 1731 1765 1788 ante
1793 1715 1993 1788 factis
2021 1719 2484 1818 spectabitur.

349 1828 428 1893 In
470 1849 624 1921 quo
661 1817 952 1922 primo3
996 1825 1480 1897 considerabit
1523 1843 1929 1917 accusator,
1974 1855 2151 1900 num
2193 1833 2491 1928 quando

349 1934 577 2004 simile
613 1933 793 2030 quid
825 1933 1092 2007 fecerit.
1137 1937 1210 2006 Si
1245 1936 1503 2007 id’non
1539 1941 1855 2033 reperiet
1876 1993 1895 2026 ,
1932 1956 2242 2034 quaeret,
2306 1969 2483 2015 num

351 2041 645 2138 quando
682 2047 960 2116 venerit
1001 2048 1074 2116 in
1119 2047 1422 2117 similem
1463 2049 1983 2146 suspicionem;
2018 2065 2091 2120 et
2124 2053 2197 2120 in
2244 2077 2330 2122 eo
2368 2053 2489 2124 de-

350 2151 556 2223 bebit
579 2177 732 2226 esse
760 2173 1154 2253 occupatus
1171 2212 1190 2246 ‚
1212 2171 1293 2228 ut
1321 2156 1409 2227 ad
1447 2181 1601 2228 eam
1629 2182 1911 2234 causam
1935 2163 2242 2256 peccati,
2269 2188 2487 2260 quam

349 2263 600 2361 paullo
628 2281 793 2338 ante
819 2270 1273 2367 exposuerit,
1301 2268 1443 2338 vita
1477 2269 1795 2340 hominis
1832 2275 2057 2368 possit
2085 2295 2487 2345 accommo-

351 2374 597 2463 dari⁴‚
647 2378 791 2448 hoc
840 2377 1062 2449 modo
1097 2406 1114 2447 ε
1145 2410 1178 2443 «
1210 2382 1281 2449 Si
1335 2378 1525 2451 dicet
1576 2383 1897 2478 pecuniae
1942 2373 2152 2454 causa
2204 2382 2491 2471 fecisse,

349 2486 888 2566 ostendeteum
923 2515 1209 2587 semper
1249 2515 1541 2561 avarum
1570 2490 1823 2581 fuisse3
1861 2496 1919 2565 si
1962 2494 2297 2583 honori5‚
2332 2524 2483 2570 am-

352 2596 742 2669 bitiosum:
773 2600 874 2670 ita
905 2602 1173 2698 poterit
1210 2601 1431 2671 animi
1456 2603 1711 2671 vitium
1750 2628 1918 2673 cum
1962 2629 2175 2676 causa
2210 2611 2488 2705 peccati

353 2709 854 2808 conglutinare
884 2740 941 2779 ».
976 2712 1236 2781 Sinon
1265 2712 1533 2808 poterit
1560 2736 1694 2810 par·
1724 2713 1945 2783 animi
1982 2716 2232 2785 vitium
2253 2713 2281 2759 ⁵
2318 2741 2485 2788 cum

432 2960 514 2991 ιο.
539 2942 826 3007 Appetien't.
861 2944 1004 2991 Haud
1041 2945 1181 2991 aliter
1206 2960 1378 2991 manu·
1464 2942 1667 3008 augebit
1685 2944 1971 2991 concinnius
1990 2945 2053 2991 ad
2074 2954 2331 3010 utrumque
2349 2964 2494 2995 mem-

355 3022 528 3088 εει-ἱρή
553 3034 604 3071 et
627 3024 784 3070 nostri
799 3033 848 3070 et
871 3022 1098 3070 Gulielm.
1117 3022 1234 3069 item
1262 3021 1375 3071 edd.
1465 3020 1666 3069 brorum
1690 3023 1945 3070 reseratur.

354 3112 459 3151 ant.
490 3111 674 3166 postet.
701 3100 988 3165 acquisierit
1006 3138 1022 3164 ,
1065 3102 1211 3165 longe
1249 3100 1378 3149 dete·
1542 3103 1590 3150 3.
1616 3104 1679 3148 In
1712 3118 1809 3165 quo
1827 3102 2007 3166 primo.
2039 3098 2240 3150 Schiitz.
2264 3102 2493 3166 primum.

355 3184 473 3230 iius.
492 3182 874 3230 Guna—-Hanc
895 3190 1056 3229 tamen
1076 3179 1192 3227 Aldt
1211 3181 1379 3229 iectio-

355 3276 468 3308 ηοω
495 3276 598 3307 non
623 3260 842 3325 ineptam
867 3270 1008 3325 putat
1025 3260 1236 3309 wetzel.

423 3342 523 3389 111.
569 3355 614 3389 1.
654 3342 714 3388 In
755 3324 840 3402 tpe
875 3340 1142 3397 commodi,
1173 3341 1207 3387 i.
1246 3356 1288 3389 e.
1329 3339 1381 3387 in

355 3418 663 3467 ostendendo
701 3418 824 3481 quid
861 3420 1106 3468 commodi
1141 3418 1380 3467 maiefieio

351 3499 616 3565 appetierit
649 3498 982 3553 adversarius,
1022 3508 1080 3546 ut
1100 3508 1148 3545 et
1173 3498 1298 3546 infra
1327 3498 1378 3547 in

353 3578 597 3626 vitatione
608 3576 862 3625 commoda·
871 3576 1136 3641 significat:
1151 3578 1204 3625 in
1219 3590 1383 3626 oeten-

351 3658 518 3706 dendo
531 3658 654 3721 quid
668 3657 974 3705 incommodi
991 3658 1144 3705 vitare
1159 3658 1380 3705 voluerit.

431 3754 480 3785 τι.
511 3736 840 3801 Cupiditatem
864 3736 1080 3784 ostendet
1095 3736 1381 3785 adversarii.

348 3814 553 3865 Sehiitz.
583 3815 716 3864 delet
741 3814 973 3864 ostendet.
995 3818 1106 3864 Jam
1127 3816 1382 3874 Gruterus,

349 3898 542 3962 inquit,
575 3896 728 3944 deleri
774 3894 969 3943 volebat
1008 3894 1232 3943 ostendet
1239 3914 1260 3953 ;
1299 3895 1380 3942 cui

351 3976 654 4041 ohoequutus
686 3990 830 4032 tum,
872 3974 986 4038 quia
1025 3974 1106 4021 hic
1143 3990 1248 4023 non
1282 3985 1378 4021 tam

349 4056 510 4119 agitur
543 4054 606 4103 de
635 4054 1016 4103 demonstr-uda
1044 4069 1120 4115 re,
1147 4070 1291 4116 quam
1319 4053 1381 4101 de

349 4134 578 4200 augenda
611 4144 662 4183 et
690 4130 1058 4198 amplificanda,
1084 4145 1142 4181 ut
1179 4132 1380 4181 verbum

1465 3182 1591 3229 MSS
1608 3180 1791 3245 plures,
1804 3180 1981 3244 inquit,
1997 3196 2077 3245 ap.
2096 3184 2241 3229 Grut.
2257 3194 2309 3231 et
2326 3185 2469 3233 Graev
2480 3226 2492 3237 .

1462 3260 1691 3325 primum,
1709 3261 1897 3307 omissis
1914 3258 1967 3307 ἰη.
1982 3276 2096 3324 quo.
2112 3264 2223 3309 Hoc
2240 3260 2302 3310 ad
2312 3279 2489 3314 sonum

1469 3339 1518 3388 h.
1551 3339 1590 3388 l.
1624 3341 1805 3403 gratius
1832 3340 2161 3403 pratulimus,
2186 3353 2375 3390 servato
2414 3356 2485 3393 ta-

1466 3434 1581 3466 men
1599 3418 1650 3466 ἰη
1674 3434 1795 3482 quo.
1814 3446 1886 3455 --
1906 3440 1929 3462 αι
1952 3421 2011 3467 In
2029 3436 2129 3483 quo
2146 3421 2358 3485 primum
2378 3446 2402 3465 ι·
2416 3438 2489 3473 est

1469 3500 1521 3545 in
1538 3497 1617 3546 ed.
1638 3514 1656 3544 ι
1668 3500 1791 3563 476.

1543 3581 1594 3638 [ᾖ.
1628 3576 1715 3624 Ad
1730 3592 1837 3624 eam
1861 3592 2060 3624 eausam
2076 3578 2279 3642 peccati
2293 3596 2341 3644 q.
2363 3598 2413 3629 α.
2436 3602 2489 3648 p.

1469 3669 1512 3704 e.
1537 3656 1646 3704 vita
1668 3654 1721 3705 Ιι.
1742 3655 1899 3720 possit
1918 3658 2301 3707 accommodari.
2324 3660 2380 3708 ld
2404 3674 2496 3723 eat,

1469 3746 1701 3799 appareat
1732 3746 1937 3783 ceteram
1972 3736 2181 3783 hominia
2203 3738 2351 3787 vitam
2379 3756 2490 3789 cum

1470 3818 1567 3865 hoc
1588 3814 1829 3863 maleficio
1851 3818 2128 3865 convenire.
2154 3818 2304 3882 Quod
2324 3822 2493 3885 paullo

1471 3895 1672 3943 inferius
1710 3895 1831 3942 dicit
1874 3909 1887 3943 :
1937 3918 1961 3937 ι·
1979 3896 2129 3943 animi
2170 3897 2338 3946 vitium
2379 3918 2488 3949 cum

1467 3990 1610 4023 causa
1631 3974 1818 4038 peccati
1847 3974 2183 4038 conglutinare
2212 3997 2259 4023 ι.

1543 4052 1591 4104 5.
1618 4056 1725 4100 Par
1742 4051 1897 4101 unioni
1919 4054 2113 4102 vitium.
2138 4054 2333 4103 Schiitz.
2364 4057 2497 4121 delet⁸

1470 4131 1642 4181 αηίιηὶ.
1674 4131 1871 4191 Animi,
1902 4133 2059 4196 inquit
2076 4168 2091 4193 ,
2119 4144 2293 4182 temere
2314 4150 2377 4183 ex
2399 4152 2491 4185 an-
