2982 4682
752 373 878 443 DE
925 373 1529 462 INVENTIONE,
1570 379 1838 449 LIBER
1888 383 1990 465 11,
2038 378 2106 450 3.
2347 387 2479 470 ἀοι

363 495 696 598 profecto
747 519 986 592 neque
1045 520 1214 582 nos,
1275 521 1517 595 neque
1572 499 1747 570 alios
1806 499 2171 574 industriae
2224 521 2487 578 nostrae

363 605 774 706 poenitebit.
807 606 932 676 Sin
975 621 1215 677 autem
1249 621 1521 679 temere
1556 607 1831 706 aliquid
1868 609 2169 705 alicujus
2192 628 2483 709 praeter-

365 721 562 804 iisse,
607 732 736 788 aut
763 742 916 788 non
944 719 1110 788 satis
1141 715 1501 812 eleganter
1528 720 1817 814 sequuti
1845 718 2276 807 videbimur,
2290 722 2483 795 docti

365 828 459 900 ab
477 829 726 926 aliquo
739 881 760 908 ,
781 824 986 898 facile
999 841 1072 896 et
1087 825 1400 899 libenter
1409 828 1839 899 sententiam
1858 809 2486 904 commutabimus

365 941 530 1010 Non
586 938 779 1009 enim
839 959 1090 1033 parum
1138 959 1523 1032 cognosse,
1578 937 1708 1008 sed
1750 940 1829 1008 in
1879 963 2135 1036 parum
2194 945 2485 1040 cognito

367 1048 582 1119 stulte
619 1059 692 1117 et
739 1043 865 1116 diu
907 1066 1392 1142 perseverasse
1428 1061 1641 1144 turpe
1688 1063 1795 1118 est
1826 1075 1841 1116 :
1874 1064 2259 1147 propterea
2285 1053 2487 1148 quod

366 1157 672 1228 alterum
703 1155 1076 1227 communi
1109 1154 1495 1226 hominum
1529 1155 1958 1246 infirmitati,
2003 1159 2315 1232 alterum
2340 1166 2486 1233 sin-

368 1267 596 1362 gulari
613 1263 1190 1359 uniuscujusque
1207 1261 1238 1308 3
1265 1266 1440 1336 vitio
1475 1279 1586 1336 est
1604 1265 2061 1338 attributum.
2086 1271 2327 1359 Quare
2352 1296 2489 1344 nos

369 1375 660 1472 quidem
691 1378 846 1446 sine
877 1373 1022 1445 ulla
1061 1371 1579 1460 affirmatione,
1614 1375 1830 1445 simul
1865 1391 2309 1472 quaerentes,
2344 1379 2481 1452 du·

367 1483 682 1556 bitanter
709 1481 1290 1580 unumquodque
1308 1481 1340 1540 4
1369 1482 1726 1570 dicemus,
1753 1509 1879 1572 ne,
1908 1485 2083 1555 dum
2102 1489 2481 1584 parvulum

367 1593 512 1666 hoc
537 1594 1088 1691 consequimur,
1115 1606 1199 1664 ut
1221 1595 1392 1664 satis
1417 1592 1799 1665 commode
1826 1593 1977 1666 haec
1996 1599 2493 1696 perscripsisse
2577 1641 2585 1654 ·

368 1703 760 1790 videamur,
791 1702 971 1774 illud
1007 1691 1504 1791 amittamus53
1543 1701 1747 1799 quod
1788 1705 2179 1775 maximum
2228 1722 2372 1795 est,
2408 1725 2493 1779 ut

369 1839 465 1885 ne
497 1814 614 1886 cui
655 1815 758 1884 rei
795 1826 1065 1884 temere
1091 1825 1310 1908 atque
1349 1816 2320 1908 arroganterassenserimus.
2349 1821 2491 1890 Ve-

367 1945 530 1994 rum
557 1921 699 1994 hoc
727 1920 1024 2020 quidem
1053 1944 1188 1992 nos
1202 1916 1260 2007 ὅ,
1289 1921 1458 1992 etin
1486 1919 1629 1991 hoc
1661 1933 2053 2018 tempore7,
2084 1925 2260 1994 etin
2290 1933 2491 1998 omni

367 2035 511 2104 vita
572 2031 890 2105 studiose
908 2085 930 2120 ,
972 2029 1216 2128 quoad
1280 2025 1583 2100 facultas
1644 2026 1829 2100 feret
1854 2081 1901 2114 ,-
1937 2052 2487 2128 consequemur.

368 2147 582 2216 Nunc
624 2157 866 2214 autem
887 2196 908 2229 ,
951 2165 1046 2212 ne
1093 2139 1378 2236 longius
1421 2140 1654 2210 oratio
1717 2161 2094 2235 progressa
2136 2140 2488 2234 videatur,

370 2249 462 2324 de
497 2251 828 2350 reliquis,
867 2273 1032 2348 quae
1057 2247 1543 2348 praecipienda
1565 2245 1905 2318 videntur
1924 2271 2077 2320 esse
2099 2302 2119 2332 ,
2149 2247 2489 2325 dicemus.

465 2364 694 2460 Igitur
734 2363 1012 2460 primus
1035 2346 1042 2355 ⁸
1063 2358 1282 2445 liber,
1327 2359 1658 2456 exposito
1708 2380 1969 2453 genere
2024 2355 2245 2454 hujus
2274 2341 2449 2432 ‘artis
2471 2416 2491 2447 ‚

371 2487 444 2543 et
491 2470 767 2558 offici0‚
812 2486 884 2543 et
924 2468 1107 2555 fine,
1169 2481 1242 2539 et
1296 2469 1629 2553 materia,
1680 2482 1755 2537 et
1805 2464 2129 2563 partibus
2149 2521 2169 2554 ‚
2228 2492 2495 2565 genera

369 2581 1021 2653 controversiarum
1041 2632 1062 2668 ,
1106 2591 1180 2649 et
1223 2569 1759 2661 inventionesss,
1791 2588 1863 2645 et
1900 2580 2451 2669 constitutiones
2471 2634 2490 2669 ,

441 2761 489 2809 3.
544 2757 942 2823 Uninseujusque.
994 2754 1234 2821 cujusque
1292 2754 1384 2803 Ms

371 2838 506 2889 Leid.
531 2854 592 2899 ο,
613 2841 758 2885 Voss.
783 2854 830 2885 c.
859 2836 1013 2885 schol.
1041 2834 1146 2883 Alt.
1177 2834 1294 2883 Sca.

441 2926 490 2974 4.
509 2914 911 2979 Unumquodque.
922 2915 1004 2961 Sic
1021 2913 1148 2961 MSS
1165 2912 1386 2977 plerique

369 3006 420 3043 et
443 2995 554 3042 edd.
576 3011 652 3059 pr.
673 3010 776 3042 non
799 2992 1182 3056 urtumqm‘dque.
1211 2992 1338 3039 Eu.

439 3074 490 3123 5.
531 3071 849 3121 Amiteamus.
891 3070 1162 3133 Purgoldus
1204 3068 1388 3117 mavult

368 3154 660 3203 omittamus.
699 3151 797 3201 Sed
830 3151 886 3199 h.
925 3150 960 3197 1.
1003 3164 1100 3196 non
1136 3147 1218 3205 id,
1251 3147 1388 3211 qnod

371 3234 478 3297 quis
511 3231 818 3288 intermittit,
855 3226 944 3277 sed
979 3222 1386 3283 euml-menium,

369 3312 506 3375 qnod
530 3312 574 3359 ei
605 3310 756 3375 perit,
781 3305 1096 3372 significatur.
1120 3306 1244 3353 Son.

443 3392 494 3440 6.
523 3394 704 3438 Vernos
726 3388 818 3437 Inoe
845 3386 1044 3452 quidem
1068 3400 1172 3431 nos.
1194 3378 1390 3431 Schiitz.

373 3470 501 3519 delet
525 3486 612 3517 nos
639 3485 666 3515 e
695 3470 848 3529 Gron.
867 3465 1020 3515 codd.
1042 3462 1250 3511 duobus.

445 3564 494 3610 ς.
527 3550 590 3595 Ει
615 3548 666 3595 in
703 3547 794 3595 hoe
825 3559 1051 3610 tempore.
1083 3540 1278 3591 Schiitz.
1309 3540 1390 3589 ‹lat

372 3648 400 3669 σι
417 3636 468 3675 et
499 3626 596 3673 hoc
637 3637 853 3690 tempore
871 3648 922 3687 ι,
952 3610 1114 3672 deleto
1140 3620 1228 3679 in,
1252 3618 1390 3684 qnod

372 3708 424 3755 in
442 3702 533 3753 hnc
550 3704 755 3751 formula
778 3703 948 3751 melius
971 3702 1230 3750 omittitur.
1250 3701 1391 3745 Lam-

373 3784 540 3831 binnm
563 3797 678 3829 vero
704 3782 1012 3845 reprehendit
1026 3815 1040 3837 ,
1072 3782 1156 3841 qui
1179 3790 1392 3840 tempore

357 3880 399 3911 ι
417 3862 681 3926 glossatore
699 3860 940 3921 adjectum
960 3870 1012 3907 et
1035 3872 1388 3922 supervacuum

373 3940 572 4006 putabat
585 3974 602 4000 ,
643 3938 779 4002 quod
825 3941 876 3987 in
927 3954 1027 3987 uno
1071 3936 1244 3987 codiee
1287 3949 1388 3982 nou

373 4017 661 4083 reperiebat.

445 4100 492 4145 8.
519 4098 584 4143 Ee
601 4094 910 4145 inventiones.
923 4095 1208 4143 Victorinus
1233 4092 1386 4157 expli·

521 4188 572 4253 Ῑ.
631 4198 728 4248 eie.
737 4213 854 4255 porc
863 4196 1032 4265 prima.

1471 2768 1589 2801 oens
1606 2752 1741 2801 hune
1766 2752 1929 2800 locum
1947 2786 1963 2813 ,
1992 2772 2015 2791 ··
2034 2753 2185 2811 Nem,
2208 2753 2403 2817 inquit,
2430 2754 2493 2803 de

1471 2832 1687 2896 quinque
1714 2830 1932 2895 pertibus
1957 2830 2195 2879 orationis
2224 2832 2375 2881 solam
2412 2835 2497 2882 in-

1471 2911 1752 2957 ventionem
1800 2919 1970 2957 tractet
1992 2932 2035 2957 a.
2091 2910 2286 2972 Quibus
2334 2912 2494 2962 verbis

1472 2988 1594 3053 qnid
1613 2986 1709 3035 sibi
1724 2986 1867 3047 velit,
1888 3002 1989 3035 non
2008 2987 2258 3053 intelligog
2282 2992 2493 3056 satisque

1471 3076 1696 3133 apparet,
1716 3067 1813 3113 vim
1831 3066 1976 3127 hujus
1993 3066 2091 3114 loci
2108 3068 2369 3131 ignorasse.
2388 3073 2492 3135 Ego

1471 3160 1591 3195 vero
1614 3144 1899 3193 crediderim
1913 3176 1928 3201 ,
1952 3144 2267 3203 bsvmtiones,
2290 3163 2393 3197 non
2417 3165 2493 3197 ar.

1471 3232 1783 3287 gementum,
1826 3232 1885 3269 ut
1924 3222 2123 3285 quidam
2162 3223 2285 3273 falso
2323 3228 2499 3276 existi-

1473 3311 1638 3362 mant,
1670 3298 1757 3349 sed
1788 3300 2109 3349 intentionem
2138 3302 2191 3349 iu
2217 3305 2413 3367 primis,
2447 3318 2497 3355 et

1479 3379 1815 3444 depulsionem
1846 3396 1951 3427 esse
1982 3380 2337 3445 intelligendas.
2368 3385 2495 3433 Nam

1478 3460 1731 3523 proposita
1778 3460 2137 3520 controversia,
2186 3462 2497 3511 consideren-

1481 3536 1597 3585 dnm
1624 3548 1695 3585 est
1717 3538 1951 3600 primum,
1976 3554 2041 3584 an
2066 3554 2207 3586 causa
2237 3542 2497 3603 consisting

1480 3616 1615 3680 qnod
1640 3632 1703 3663 ex
1729 3611 1995 3663 intentione
2023 3628 2073 3663 et
2099 3616 2387 3681 depulsione
2414 3629 2498 3669 eo·-

1479 3694 1745 3758 gnoseiturss
1793 3694 1999 3741 Intentio
2048 3705 2120 3742 est
2163 3697 2316 3758 prims
2362 3714 2493 3760 pars,

1479 3788 1631 3835 qnnm
1666 3782 1803 3819 actor
1834 3774 2069 3837 proponit
2104 3784 2151 3821 et
2186 3775 2303 3822 facit
2334 3775 2497 3835 litemg

1481 3851 1698 3915 depulsio
1726 3862 1799 3900 est
1824 3854 2078 3915 responsio
2106 3854 2191 3901 rei.
2218 3855 2381 3915 Quum
2408 3857 2501 3919 igi-

1475 3942 1555 3979 tur
1581 3946 1645 3979 ex
1666 3932 1935 3979 intentione
1959 3941 2009 3977 et
2028 3930 2316 3995 depulsione
2343 3937 2503 3983 omnis

1477 4012 1837 4066 controversis,
1881 4010 1915 4057 i.
1950 4027 1994 4059 e.
2038 4010 2329 4060 constitutio
2345 4048 2359 4072 ,
2400 4013 2501 4060 sive

1477 4092 1683 4153 quxestio
1700 4088 1785 4137 flat
1797 4124 1811 4147 ,
1836 4090 2007 4136 merito
2025 4088 2319 4137 inventiones
2336 4093 2513 4157 appel·

2120 4176 2210 4244 26
