2982 4682
439 367 577 460 294
1116 359 1213 426 M.
1266 362 1343 428 T.
1392 361 1878 432 CICERONIS

438 509 591 556 esse
635 484 903 580 poterit
924 455 1451 552 controversiae.
1482 483 1724 570 Quare
1755 503 1910 552 eam
1945 501 2040 550 ne
2071 502 2356 552 causam
2394 481 2556 578 qui·

442 594 607 664 dem
648 593 989 663 convenit
1032 592 1290 687 putari.
2007 589 2012 596 ’
2561 663 2572 672 ‚

536 701 724 796 (lx.)
776 704 877 771 Ac
913 697 1081 770 facti
1118 697 1413 796 quidem
1452 700 1936 771 controversia
1974 701 2049 768 in
2091 703 2338 770 omnia
2373 715 2552 770 tem·

439 835 617 910 pora
649 824 889 909 potest
923 808 1275 888 distribui.
1318 813 1501 880 Nam
1535 807 1712 906 quid
1757 807 2022 880 factum
2067 807 2237 880 sit¹³
2258 864 2279 897 ‚
2318 823 2558 906 potest

440 921 705 1018 quaeri,
750 921 893 991 hoc
926 918 1145 989 modo
1186 946 1200 988 :
1246 951 1279 984 κ
1309 918 1769 990 occideritne
1820 919 2108 1015 Ajacem
2161 917 2557 1014 Ulysses?»

438 1035 528 1100 Et
564 1028 741 1128 quid
781 1029 942 1115 fiat,
992 1028 1135 1100 hoc
1183 1027 1406 1100 modo
1446 1056 1463 1098 :
1507 1059 1538 1094 α
1569 1035 1870 1100 Bonone
1917 1030 2160 1098 animo
2205 1028 2348 1100 sint
2391 1049 2559 1123 erga

438 1138 799 1235 populum
844 1161 1227 1209 romanum
1266 1137 1659 1233 Fregellani
1681 1136 1793 1207 ¹4?
1825 1167 1860 1202 2>
1893 1143 1980 1208 Et
2019 1136 2194 1234 quid
2231 1135 2556 1208 futurum

440 1249 561 1338 sit,
596 1247 738 1318 hoc
777 1247 998 1318 modo
1040 1273 1055 1314 ε
1096 1276 1128 1312 α
1160 1250 1231 1318 Si
1272 1245 1771 1344 Carthaginem
1814 1247 2320 1344 reliquerimus
2357 1251 2554 1318 inoo-

434 1355 741 1446 lumem,
770 1382 947 1427 num
991 1357 1169 1455 quid
1195 1359 1285 1428 sit
1330 1355 1770 1428 incommodi
1813 1353 1984 1428 ad¹⁵
2037 1356 2558 1455 rempublicam

444 1468 1003 1564 perventurum?
1033 1497 1065 1532 n

536 1577 863 1648 Nominis
894 1579 1381 1648 controversia
1408 1575 1626 1664 estffi,
1670 1603 1899 1677 quum
1939 1579 2028 1650 de
2075 1579 2266 1650 facto
2305 1601 2561 1648 conve-

442 1687 587 1774 nit,
630 1701 703 1758 et
724 1690 1091 1784 quaeritur,
1116 1687 1189 1758 id
1220 1687 1420 1784 quod
1449 1684 1718 1762 factum
1751 1703 1892 1777 est,
1923 1714 2074 1786 quo
2105 1690 2399 1760 nomine
2433 1711 2558 1784 ap-

442 1795 769 1892 pelletur.
785 1801 953 1888 Quo
966 1800 1041 1866 in
1056 1822 1317 1894 genere
1332 1821 1620 1868 necesse
1635 1813 1742 1870 est
1757 1797 1946 1894 [ideo
1969 1797 2280 1880 nominis
2301 1808 2318 1838 ¹
2334 1793 2394 1892 7]
2407 1820 2560 1868 esse

440 1909 999 1979 controversiam
1026 1906 1220 2004 [non
1254 1907 1454 2004 quod
1488 1907 1581 1978 de
1611 1933 1692 1978 re
1731 1913 1882 2005 ipsa
1914 1931 2064 1978 non
2095 1904 2558 2002 conveniat]‚
2629 1991 2638 2000 ,

439 2042 591 2090 non
630 2017 831 2113 quod
875 2015 966 2086 de
1010 2013 1199 2086 facto
1241 2041 1392 2088 non
1428 2031 1745 2104 constet,
1786 2015 1912 2088 sed
1953 2017 2154 2115 quod
2194 2016 2305 2102 id,
2361 2016 2560 2113 quod

442 2128 712 2200 factum
755 2127 881 2212 sit,
934 2124 1128 2198 aliud
1168 2125 1285 2195 alii
1335 2127 1659 2196 videatur
1701 2150 1890 2211 esse,
1948 2141 2017 2196 et
2079 2126 2346 2196 idcirco
2383 2127 2562 2196 alius

442 2238 583 2310 alio
621 2237 915 2308 nomine
956 2235 1031 2306 id
1066 2237 1399 2333 appellet.
1457 2237 1698 2325 Quare
1749 2236 1818 2306 in
1885 2236 2292 2330 hujusmodi
2343 2259 2561 2331 gene-

440 2349 642 2421 ribus
686 2346 1095 2419 definienda
1143 2372 1258 2417 res
1308 2352 1444 2416 erit
1495 2346 1734 2417 verbis
1753 2402 1772 2429 ‚
1831 2362 1902 2417 et
1944 2345 2256 2417 breviter
2293 2346 2560 2417 descri-

444 2456 683 2528 benda
726 2486 741 2526 :
782 2471 897 2544 ut,
938 2459 992 2525 si
1032 2458 1197 2552 quis
1234 2480 1514 2526 sacrum
1555 2480 1641 2526 ex
1688 2450 2051 2553 privato¹⁸
2093 2456 2562 2554 surripuerit,

518 2591 599 2637 13.
639 2586 772 2651 Quid
788 2585 987 2647 factum
1026 2585 1093 2633 sie
1122 2620 1135 2632 .
1158 2622 1170 2634 .
1194 2620 1207 2633 .
1243 2588 1307 2633 Ec
1338 2585 1464 2649 quid
1547 2585 1744 2633 deberet
1767 2602 1869 2633 ease
1885 2622 1900 2645 ,
1921 2608 1942 2630 ι
1957 2587 2096 2650 quod
2117 2587 2178 2637 de
2199 2588 2331 2637 fecto
2355 2598 2564 2648 count-t,

428 2668 581 2737 fiae..
594 2702 609 2717 .
636 2668 704 2730 Eg
724 2664 1074 2729 quitis-turum
1086 2664 1162 2712 sie.
1178 2663 1459 2723 Schiitzim.
1547 2675 1678 2713 ete.»
1695 2666 1848 2713 Unci·
1881 2662 2060 2713 inclusi
2075 2679 2096 2717 ,z
2123 2666 2248 2713 sieut
2281 2666 2524 2729 nequeutia
2545 2702 2562 2726 ‚

440 2758 637 2797 auctore
658 2744 875 2793 lambio.
896 2766 921 2785 κ
940 2743 1117 2807 ecquid
1140 2743 1317 2791 factum
1336 2745 1455 2793 sit...
1547 2760 1646 2791 non
1659 2778 1674 2791 .
1695 2780 1706 2792 .
1728 2778 1742 2791 .
1780 2744 2054 2804 conveniat,
2081 2744 2266 2793 inclusa
2293 2757 2408 2795 suut
2421 2746 2564 2807 ideo,

443 2824 621 2890 ecquid
644 2822 728 2873 snt
752 2860 765 2872 .
788 2859 801 2871 .
822 2860 835 2871 .
872 2823 1048 2887 ecquid
1084 2824 1299 2871 futurum
1338 2824 1403 2871 uit
1414 2844 1457 2873 υ.
1545 2824 1658 2886 quin
1697 2824 1858 2887 spuria
1881 2822 2102 2883 judicata
2137 2835 2284 2883 eunt;
2311 2824 2476 2872 relittn
2511 2826 2566 2871 in

445 2904 577 2953 lund
596 2914 693 2965 eet,
709 2904 803 2959 ait,
829 2901 1143 2965 descriptioni
1166 2918 1321 2951 caueae
1342 2917 1460 2949 con·
1546 2912 1708 2961 textu,
1745 2902 1858 2964 quin
1893 2903 2000 2952 eine
2025 2901 2168 2949 libri·
2189 2902 2452 2951 uoluerunt
2471 2904 2560 2963 eji-

442 2982 685 3053 jecturalis
710 2983 889 3045 aptius.
920 3007 989 3016 —
1018 2980 1305 3043 Exemplum
1330 2980 1459 3027 idem
1545 2996 1668 3029 cere.
1703 2981 1832 3029 Mss
1857 2982 2012 3029 nostri
2040 2982 2120 3029 hic
2143 2982 2400 3030 fluctuant.
2429 2982 2560 3029 En.

441 3062 641 3113 assumit
662 3061 833 3109 OEcero
846 3056 985 3121 quod
998 3070 1168 3107 auctor
1186 3058 1249 3106 ad
1274 3062 1457 3107 Heren-
1545 3086 1616 3097 --
1629 3065 1698 3109 At
1715 3058 1974 3113 schiitzius
1993 3063 2198 3109 omuino
2217 3060 2328 3109 ideo
2349 3060 2560 3109 nominis

442 3143 605 3189 uiuum
627 3162 651 3184 ιι
670 3136 968 3186 occideritne
984 3138 1181 3197 Aiacem
1198 3137 1457 3201 (Hymen,
1545 3148 1594 3187 et
1619 3154 1722 3187 non
1750 3173 1764 3187 .
1785 3173 1800 3185 .
1821 3174 1832 3186 .
1877 3138 2131 3188 conveniat
2164 3140 2307 3199 eiecit
2345 3156 2372 3185 e
2402 3150 2560 3187 textu.

444 3224 465 3267 1
480 3256 497 3281 ,
523 3234 543 3266 ι
558 3234 623 3279 ¹·-
1545 3220 1736 3267 Horum
1757 3217 1878 3265 nihil
1897 3230 1996 3265 erat
2015 3222 2070 3265 in
2089 3218 2373 3269 Fabi-ieiuno
2391 3217 2486 3265 nisi
2499 3218 2566 3266 ad

520 3314 541 3343 ι
554 3304 603 3353 4.
620 3292 906 3359 Fregellani·
922 3292 1049 3341 Vide
1072 3305 1239 3342 uotam
1254 3296 1319 3343 ad
1337 3298 1455 3345 Her.
1545 3298 1822 3361 marginem,
1839 3308 1958 3345 teste
1979 3299 2204 3345 Grutero.
2217 3296 2481 3345 Lambinus
2492 3297 2564 3344 al·

445 3376 532 3432 lv.
552 3392 601 3437 9.
1545 3388 1693 3425 terem
1719 3377 2020 3425 locutionem
2040 3414 2056 3438 ‚
2087 3399 2110 3419 ι
2124 3392 2226 3424 nou
2253 3376 2388 3441 quod
2407 3376 2470 3423 de
2495 3376 2564 3424 fa·

520 3454 597 3503 15.
620 3451 705 3499 Ad
729 3452 1085 3514 rempublicam.
1106 3452 1238 3501 oliv.
1275 3452 1348 3501 ad
1362 3469 1463 3514 ,ουτ
1546 3468 1627 3505 cto
1665 3472 1766 3505 non
1813 3466 2002 3503 constet
2019 3478 2072 3516 a,
2119 3454 2401 3512 sustulerat,
2443 3465 2564 3501 tum-

434 3535 605 3599 putum
632 3546 903 3579 romanum.
1544 3536 1938 3599 quemillorum,
1973 3558 1998 3575 «-
2013 3550 2112 3586 non
2137 3534 2272 3600 quod
2297 3535 2358 3581 de
2385 3550 2436 3583 re
2461 3535 2563 3598 ipa

520 3608 827 3662 16.Nonu'nis
838 3612 1163 3659 contr-evenio
1178 3624 1265 3659 esc.
1282 3608 1458 3659 Schiim-
1543 3629 1644 3663 uon
1665 3615 1981 3671 conveni-lta,
2010 3613 2265 3676 glossema.
2295 3614 2382 3662 lua
2407 3624 2566 3662 temen

441 3696 543 3743 zius
568 3692 685 3739 dat:
708 3690 915 3739 nominis
942 3703 1015 3739 ese
1039 3688 1383 3739 controversia.
1543 3693 1704 3755 aptius
1727 3710 1838 3743 oum
1865 3694 2088 3757 proxime
2112 3694 2427 3757 ‘equentibus
2447 3709 2566 3740 cou-

516 3789 537 3818 ι
550 3790 595 3833 7.
616 3770 734 3817 Ideo
748 3769 983 3817 nominis.
1004 3770 1123 3817 Hac
1134 3767 1281 3816 credo
1294 3770 1462 3833 spuria
1547 3782 1828 3819 nectuntur.
1851 3775 1971 3819 Seu.

438 3866 539 3901 ene
563 3865 576 3899 :
598 3866 707 3897 uam
729 3848 847 3897 alias
877 3850 1125 3912 sequentia
1152 3862 1253 3895 non
1272 3864 1456 3895 conve·
1624 3852 1702 3899 18.
1731 3851 1784 3898 Si
1807 3851 1915 3914 quis
1945 3867 2140 3899 sacrum
2165 3866 2230 3900 es
2253 3850 2443 3914 privato
2465 3866 2566 3897 sm·-

435 3932 608 3981 nium:
636 3952 655 3970 ·
676 3944 779 3975 non
812 3928 946 3990 quod
968 3928 1027 3975 de
1050 3927 1179 3975 facto
1210 3942 1311 3975 non
1334 3941 1454 3974 cou-
1547 3927 1776 3992 τίμια-ἐι,
1822 3940 1918 3975 ete.
1985 3931 2168 3977 Privati
2221 3930 2424 3990 alicuius
2475 3928 2568 3975 du-

437 4021 529 4057 etet
548 4044 561 4067 ,
590 4009 672 4057 sed
691 4030 729 4055 -.
752 4006 894 4054 Unde
918 4016 1049 4071 patet
1066 4006 1117 4053 in
1135 4004 1232 4053 iuis
1252 4005 1457 4052 nominis
1545 4006 2003 4070 mo.——S‹acrilegus.
2021 4009 2150 4057 Vide
2169 4009 2232 4057 ad
2253 4010 2449 4065 Her-11,
2473 4010 2533 4053 30
2547 4040 2566 4065 ‚

439 4089 731 4135 :titutionem
774 4084 992 4131 nondum
1034 4085 1206 4131 saetam
1250 4101 1365 4133 esse.
1396 4084 1456 4131 Et
1546 4096 1593 4131 et
1623 4083 1744 4131 infra
1767 4086 1812 4131 11
1832 4119 1844 4143 ,
1889 4100 1906 4129 1
1921 4088 1968 4131 8.
