2982 4682
513 405 530 450 ι
552 379 641 451 80
1176 381 1272 447 M.
1323 379 1400 448 T.
1453 381 1935 450 CICERONIS

499 527 743 574 rerum
797 505 1040 572 Graeca
1066 555 1086 584 ‚
1139 503 1298 597 q'uae
1337 499 1850 587 conireffimm,
1899 525 1981 573 ea
2034 513 2315 572 remota
2362 515 2534 572 sun't
2586 529 2629 574 a

495 609 1022 686 consuetudine
1046 624 1097 680 ².
1125 614 1304 700 Quae
1332 614 1525 682 enim
1554 637 1669 682 res
1696 613 1889 710 apud
1910 627 2199 683 nostros
2218 637 2369 683 non
2398 627 2629 700 erant,

494 725 748 796 earum‘
773 747 1014 793 rerum
1057 723 1352 792 nomina
1389 747 1537 793 non
1570 737 1911 820 poterant
1947 747 2101 795 esse
2128 725 2407 822 usitata.
2438 723 2627 819 Ergo

495 832 648 902 haec
677 833 1038 929 asperiora
1065 833 1304 928 primo
1331 830 1712 902 videantur
1740 857 2027 928 necesse
2064 848 2171 903 est
2192 885 2211 922 ‚
2249 831 2469 931 idqu'e
2502 831 2631 903 fiet

493 941 640 1021 rei,
671 965 824 1010 non
855 955 1134 1026 nostra,
1167 939 1613 1012 difficultate.
1643 942 2029 1039 Reliquum
2066 943 2437 1040 scripturae
2464 967 2633 1014 con·

492 1066 820 1124 sumetur
850 1053 928 1120 in
968 1051 1331 1149 exemplis.
1381 1057 1545 1121 Hoec
1584 1052 1810 1123 aliena
1854 1054 1912 1123 si
1948 1057 2435 1152 posuissemus
2459 1109 2479 1142 ‚
2522 1051 2627 1124 fa·

493 1179 690 1235 ctum
722 1177 942 1246 esset,
971 1177 1091 1249 ut,
1130 1161 1328 1258 quod
1359 1163 1811 1233 commodius
1839 1155 2069 1235 esset3
2099 1167 2174 1233 in
2214 1163 2357 1235 hoc
2390 1163 2621 1250 libre,

491 1271 564 1342 id
603 1285 935 1342 nostrum
976 1293 1124 1339 non
1165 1284 1386 1358 esset;
1421 1273 1622 1368 quod
1660 1277 2019 1371 asperius,
2062 1289 2135 1344 et
2164 1276 2627 1362 inusitatum,

491 1380 566 1451 id
593 1382 886 1478 proprie
930 1379 1144 1450 nobis
1186 1380 1720 1453 attribueretur.
1751 1387 1939 1479 Ergo
1976 1382 2166 1456 hanc
2198 1408 2495 1481 quoque
2526 1387 2635 1453 in·

490 1491 1074 1562 commoditatem
1121 1489 1458 1589 fugimus.
1516 1497 1643 1562 His
1698 1492 1788 1564 de
1838 1495 2113 1580 causiS,
2171 1518 2401 1591 quum
2456 1496 2629 1563 artis

492 1601 986 1670 inventionem
1056 1604 1470 1673 Graecorum
1532 1601 2076 1702 probassemuS‚
2138 1601 2629 1701 exemplorum

491 1711 844 1782 rationem
881 1711 1168 1806 sequuti
1207 1735 1356 1782 non
1397 1737 1669 1782 sumus.

591 1820 806 1914 (vm.)
835 1823 1045 1892 Nunc
1075 1835 1360 1918 tempus
1387 1823 1737 1920 postulat,
1776 1839 1856 1893 ut
1882 1821 1972 1894 ad
2000 1823 2429 1895 elocutionis
2454 1845 2633 1920 prae-

493 1945 702 2027 cepta
759 1945 1224 2002 transeamus.
1267 1932 1658 2028 Bipertita⁴
1699 1935 1834 2002 erit
1864 1934 2084 2029 igitur
2128 1930 2341 2004 nobis
2385 1931 2626 2001 elocu-

493 2042 714 2111 tionis
738 2044 1145 2137 praeceptio.
1160 2042 1268 2111 Pri
1279 2065 1476 2112 mum
1498 2041 1841 2130 dicemuS,
1860 2040 2127 2139 quibus
2146 2043 2219 2112 in
2236 2037 2621 2138 generibus

494 2175 776 2247 semper
818 2143 1070 2221 omnis'
1099 2153 1411 2221 oratoria
1449 2151 1769 2223 elocutio
1821 2151 2079 2223 debeat
2128 2175 2305 2223 esse.
2343 2147 2625 2221 Deinde

491 2260 954 2332 ostendemus
971 2315 989 2347 ,
1019 2284 1199 2356 quas
1227 2283 1342 2330 res
1369 2285 1657 2359 semper
1682 2259 1947 2332 habere
1974 2259 2257 2332 debeat.
2602 2269 2607 2278 '

587 2377 774 2443 vlu.
807 2376 990 2442 Sunt
1024 2374 1242 2466 igitur
1268 2368 1401 2442 tria
1434 2368 1731 2469 genera,
1766 2397 1926 2469 quae
1956 2396 2217 2468 genera
2246 2381 2417 2441 nos¹
2448 2368 2627 2465 figu-

492 2494 648 2553 ras²
685 2481 1165 2579 appellamus,
1207 2484 1280 2550 in
1319 2481 1587 2578 quibus
1624 2484 1859 2553 omnis
1895 2478 2123 2553 ratio³
2172 2504 2321 2551 non
2371 2478 2627 2549 vitiosa

493 2596 946 2666 consumitur
977 2618 994 2659 :
1031 2614 1248 2661 unam
1287 2614 1613 2687 gravem,
1639 2590 1931 2662 alteram
1966 2590 2405 2662 mediocrem
2428 2642 2449 2671 ‚
2486 2602 2629 2659 ter-

565 2815 614 2847 2.
659 2798 862 2844 Remota
913 2805 1026 2843 sunt
1067 2810 1102 2841 a
1147 2793 1509 2841 consuetudine.

493 2876 784 2925 Becichemii
826 2874 1020 2922 codic-ee
1063 2872 1232 2935 scripti
1277 2871 1511 2932 adjiciunt

495 2956 707 3012 Latina,
735 2952 874 3016 quod
899 2963 1059 3000 tamen
1089 2953 1140 2998 in
1159 2950 1296 2998 nullo
1317 2962 1510 2997 nostro-

493 3050 618 3083 rum.
635 3030 1139 3083 Gaur.——Schfitzins
1157 3028 1515 3077 Becichemium

495 3113 733 3177 sequitur,
751 3110 982 3173 additque
994 3129 1007 3155 :
1028 3108 1124 3156 Alii
1147 3107 1330 3157 habent
1348 3125 1514 3156 roma-

495 3210 582 3240 na.
601 3190 656 3238 Si
678 3200 818 3237 antea
857 3204 967 3235 cum
999 3188 1257 3235 Gronovio
1287 3188 1381 3252 legi
1407 3188 1515 3254 pla·

493 3282 630 3327 cent,
670 3290 693 3311 ι
717 3266 914 3314 nomina
953 3280 1111 3313 rernm
1145 3266 1314 3323 ,Graeea
1363 3279 1515 3330 quum

492 3349 726 3398 vertimus
748 3367 773 3385 a·
791 3378 805 3399 .
845 3344 1040 3392 defendi
1067 3346 1222 3408 possit
1258 3361 1291 3391 a
1319 3362 1515 3392 cousue-

490 3426 684 3483 tudine,
715 3434 771 3472 nt
797 3423 919 3471 nihil
944 3424 1149 3487 emplius
1175 3424 1399 3471 addatur.

562 3509 612 3555 3.
628 3508 766 3555 Face.
791 3513 934 3561 esset,
958 3514 1014 3549 ut
1028 3536 1043 3561 ,
1067 3502 1203 3566 quod
1219 3499 1513 3549 commodim

489 3597 608 3635 esset
636 3584 687 3632 in
713 3583 804 3631 hoc
826 3583 974 3640 libro‘,
1005 3581 1063 3630 id
1077 3592 1227 3627 noser.
1253 3596 1352 3627 non
1378 3590 1513 3628 essee.

491 3668 656 3715 Metus
692 3662 774 3711 ille
810 3664 1013 3710 omnino
1045 3659 1420 3717 Ciceronianam
1462 3672 1511 3709 et

491 3747 639 3793 multe
667 3752 794 3790 certe
818 3742 866 3788 in
893 3738 969 3787 his
992 3740 1129 3788 libris
1155 3738 1404 3786 Ciceronis
1421 3740 1508 3799 ju-

487 3833 736 3873 ventutem
777 3821 1024 3879 indicaut3
1073 3818 1210 3864 snmae
1252 3817 1387 3875 sitis,
1434 3826 1507 3864 eet

483 3918 658 3969 magne
683 3900 760 3947 eui
783 3898 978 3946 fiducie.
1001 3898 1188 3944 Omitto
1211 3896 1406 3944 dicendi
1433 3912 1511 3944 ra·

483 3982 694 4038 tionem3
722 3992 826 4026 non
843 3977 949 4024 leve
972 3988 1132 4024 tamen
1151 3986 1505 4039 argumentum.

553 4068 602 4116 4.
634 4053 870 4122 Bt'pertiea
897 4054 988 4103 erit
1023 4054 1193 4120 Igitur.
1237 4052 1347 4103 Seh.
1383 4057 1502 4104 Ern.

483 4136 726 4203 hipanita.
753 4136 816 4182 Et
839 4136 908 4183 eie
923 4145 1108 4183 veteres
1133 4130 1388 4181 editiones.

1668 2794 1887 2861 vl1121.
1917 2797 2039 2858 Qteae
2059 2808 2244 2858 genera
2280 2806 2386 2839 nos.
2411 2789 2625 2837 Addidi-

1599 2888 1706 2919 mne
1732 2890 1923 2937 genera
1957 2890 1984 2919 e
2030 2874 2153 2921 Mss
2186 2883 2236 2920 et
2268 2870 2380 2919 edd.
2404 2884 2479 2933 pr.
2516 2886 2627 2933 qun

1601 2952 1828 3015 repetitio
1854 2967 1879 2997 a
1907 2951 2259 2999 consuetudine
2283 2948 2496 2997 auctoris
2521 2961 2625 2996 non

1602 3040 1675 3079 est
1714 3029 1882 3081 aliena.
1926 3032 2067 3079 Junt.
2112 3028 2249 3077 dedit
2282 3042 2438 3092 quas,
2468 3026 2628 3076 Aldus

1602 3124 1741 3173 quoe,
1768 3110 1872 3156 sine
1892 3122 2094 3173 genera.
2110 3106 2448 3155 Eun—Seli.
2477 3108 2627 3153 Erne-

1602 3189 1747 3235 stimn
1773 3199 1823 3236 et
1846 3188 2094 3234 Gavium
2110 3222 2126 3245 ‚
2160 3196 2290 3235 auct.
2309 3184 2423 3233 cod.
2446 3184 2554 3232 Erf.
2574 3194 2628 3232 et

1602 3266 1730 3315 Pith.
1769 3276 2001 3329 sequutus
2044 3276 2131 3313 est.
2164 3266 2316 3314 Abest
2344 3275 2533 3329 genera
2560 3263 2627 3311 ab

1602 3346 1723 3394 edit.
1742 3345 1876 3393 Med.
1907 3346 2059 3411 1798.

1670 3438 1721 3471 2.
1746 3424 1851 3471 Nos
1866 3422 2066 3491 figuras
2102 3422 2419 3486 appellamus.
2436 3421 2625 3469 Vocem

1585 3500 1785 3569 figuras
1801 3506 1852 3552 J.
1864 3501 1928 3551 V.
1948 3504 2007 3550 1..
2037 3500 2328 3565 respondere
2345 3510 2513 3549 monet
2527 3513 2623 3546 vo-

1602 3580 1738 3629 cibus
1766 3581 1930 3645 graeeis
1951 3574 2063 3628 ἰδέα
2082 3579 2279 3644 (image,
2299 3577 2420 3634 idae,
2443 3592 2619 3643 genre,

1590 3658 1785 3722 forme,
1816 3658 1927 3719 etc.)
1940 3694 1955 3719 ,
1996 3658 2162 3723 σχῆμα
2200 3654 2423 3725 (figure,
2457 3666 2621 3721 geste,

1598 3737 2009 3803 representation,
2038 3736 2259 3784 discours
2267 3734 2468 3803 figure)
2487 3768 2503 3793 ‚
2538 3732 2624 3784 τῦ-

1595 3833 1683 3873 πος
1719 3820 1739 3878 (
1750 3814 1919 3883 figure
1936 3849 1951 3873 ‚
1998 3812 2161 3880 image
2174 3850 2191 3871 ‚
2238 3812 2586 3863 resurr-blance
2600 3844 2619 3868 ,

1584 3896 1777 3958 jbrme,
1798 3890 2130 3959 description),
2156 3891 2407 3961 χαρακτὴρ
2436 3891 2627 3959 (eame-

1597 3976 1714 4028 tere,
1732 3986 1887 4037 genre
1906 3972 1971 4019 de
1987 3970 2147 4033 style).

1666 4056 1715 4099 3.
1756 4054 1815 4099 In
1865 4050 2039 4115 quibus
2087 4050 2244 4099 omnic
2288 4048 2432 4099 meio.
2482 4052 2524 4098 1.
2566 4064 2618 4114 q.

1605 4155 1628 4176 ι
1641 4132 1799 4181 omnis
1816 4130 1975 4179 oratio
1990 4151 2017 4173 ι·
2034 4129 2118 4178 ed.
2140 4128 2277 4181 Med.
2298 4130 2453 4192 1698,
2470 4128 2622 4178 Grnt.
