2982 4682
748 360 879 429 AD
926 356 1520 439 HERENNIUM,
1573 356 1840 425 LIBER
1887 356 2019 441 ΙΙΙ,
2058 354 2128 426 6.
2371 378 2500 455 '²7

385 486 597 583 igitur
630 505 841 554 musa
874 480 1313 578 principium
1358 490 1688 551 sumetur
1709 485 1777 521 ¹⁰
1807 492 1931 551 aut
1971 502 2009 549 a
2048 492 2330 565 nostra,
2379 497 2508 556 ant

384 593 471 665 ab
501 594 695 689 ejuS,
723 590 814 662 de
830 614 981 687 quo
1006 588 1422 685 loquemur,
1439 601 1565 659 aut
1583 584 1676 657 ab
1699 610 1953 659 eorum
1975 642 1996 675 ,
2021 592 2154 685 qui
2173 588 2504 679 audient,

386 692 722 803 persona,
764 715 892 775 aut
942 697 1036 775 ab
1074 722 1175 771 re.
1230 700 1289 769 A
1342 711 1632 785 nostra,
1679 696 1738 766 si
1785 694 2274 787 laudabimus,
2321 698 2511 779 dioe-

387 837 545 885 mus
570 824 625 858 ¹¹
672 825 798 884 aut
837 806 1081 884 officio
1140 805 1416 896 facere,
1474 804 1678 904 quod
1717 830 1930 881 causa
1966 809 2514 885 necessitudinis

388 920 825 995 intercedat:
864 934 993 993 aut
1023 916 1295 1005 studio,
1337 916 1540 1015 quod
1573 916 1926 1013 ejusmodi
1959 918 2239 991 virtutis
2265 920 2394 1011 sit,
2431 938 2514 997 ut

390 1056 639 1105 omnes
675 1051 1245 1105 commemorare
1284 1025 1598 1099 debeant
1633 1025 1818 1099 velle
1841 1037 1899 1071 ¹2
1944 1054 1961 1095 ε
2008 1042 2136 1099 aut
2165 1028 2371 1126 quod
2401 1056 2515 1105 re-

390 1158 588 1215 ctum
610 1143 741 1231 sit,
781 1164 871 1213 ex
896 1138 1201 1213 aliorum
1223 1136 1435 1209 laude
1467 1135 1852 1211 ostendere
1875 1129 1939 1182 ¹3
1959 1192 1979 1226 ‚
2011 1138 2248 1235 qualis
2273 1155 2519 1213 noster

388 1252 671 1325 animus
734 1252 846 1322 sit.
916 1251 993 1323 Si
1055 1244 1634 1345 vituperabimus
1655 1301 1675 1331 ‚
1743 1262 1872 1320 aut
1915 1250 2180 1321 merito
2237 1246 2469 1327 facere
2491 1306 2512 1337 ,

390 1356 591 1455 quod
622 1360 722 1429 ita
752 1358 1037 1431 tractati
1066 1359 1291 1431 simus
1330 1383 1348 1424 t
1388 1370 1520 1428 aut
1545 1354 1788 1429 studio
1807 1408 1829 1447 ,
1865 1356 2065 1454 quod
2097 1359 2272 1431 utile
2305 1350 2514 1458 pute-

388 1492 752 1555 musesse‚
780 1466 873 1539 ab
891 1464 1237 1541 omnibus
1252 1466 1542 1539 unicam
1559 1464 1624 1523 ¹4
1642 1468 1986 1539 malitiam
2014 1482 2232 1565 atque
2253 1474 2516 1568 nequi-

390 1580 561 1651 tiam
588 1581 923 1677 cognosci
954 1608 971 1651 :
1014 1592 1143 1653 aut
1180 1574 1383 1675 quod
1416 1577 1692 1674 placeat
1735 1577 2054 1666 ostendi,
2090 1576 2269 1676 quid
2303 1580 2516 1655 nobis

390 1687 797 1788 displiceat,
828 1714 915 1761 ex
936 1689 1243 1761 aliorum
1276 1687 1826 1784 vituperatione.
1854 1686 1968 1773 Ab
2003 1690 2158 1784 ejus
2181 1709 2519 1789 persona,

390 1796 481 1871 de
530 1824 683 1897 quo
734 1800 1161 1897 loquemur,
1216 1800 1274 1871 si
1337 1794 1827 1888 laudabimus,
1866 1802 2101 1871 vereri
2153 1826 2289 1877 nos
2325 1802 2516 1879 dice·

390 1908 665 2001 mus¹⁵,
723 1925 809 1983 ut
859 1910 1049 1983 illius
1088 1910 1273 1981 facta
1328 1905 1570 1979 verbis
1623 1904 2057 2005 consequi¹⁶
2109 1913 2516 2007 possimus:

392 2045 645 2093 omnes
678 2020 1017 2095 homines
1058 2018 1245 2091 illius
1278 2017 1578 2089 virtutes
1621 2017 2084 2116 praedicarem
2132 2038 2519 2119 oportere:

392 2134 543 2229 ipsa
580 2128 766 2203 facta
809 2132 1141 2202 omnium
1183 2124 1645 2201 laudatorum
1689 2129 2178 2226 eloquentiam
2227 2134 2520 2207 anteire.

466 2300 546 2334 ιο.
572 2286 812 2333 Sumam.
831 2283 924 2335 Ed.
952 2286 1087 2347 1476
1109 2282 1324 2331 seminar.
1501 2294 1658 2346 quart.
1685 2299 1770 2331 sex
1793 2282 1947 2331 Brnil.
1979 2298 2082 2331 non
2100 2297 2371 2350 agnoscunt
2395 2286 2520 2337 illud

466 2380 489 2413 1
504 2381 525 2412 1
538 2401 550 2412 .
569 2367 619 2416 A
640 2375 811 2412 nostra
823 2398 837 2424 ,
863 2363 908 2412 si
926 2363 1235 2413 laudabimus
1248 2399 1265 2423 ‚
1282 2361 1414 2410 dice·
1500 2361 1730 2416 dicemus.
1751 2363 1919 2413 Gaur.
1947 2376 1953 2390 ¹

396 2460 515 2494 mus.
536 2441 667 2492 Illud
688 2441 900 2492 dicemus
928 2458 1029 2490 non
1052 2441 1191 2490 adest
1212 2441 1267 2489 in
1292 2437 1409 2488 Pall.
1577 2441 1661 2491 ιθ.
1695 2445 1756 2490 Ue
1781 2443 1908 2492 illius
1917 2441 2066 2508 sacta
2093 2443 2258 2494 verbis
2290 2449 2527 2511 consequi

394 2523 633 2588 plerisque
695 2521 1063 2580 Gulielmimi⁸3
1125 2531 1414 2586 poteratque
1495 2523 1754 2586 pessimus.
1789 2523 1915 2586 Quia
1967 2522 2084 2572 edd.
2136 2533 2254 2574 vett.
2302 2534 2350 2572 et
2395 2527 2519 2577 MSS

394 2602 557 2650 abesse
600 2601 705 2650 aine
764 2601 1015 2650 sententia
1076 2599 1410 2648 incommodo.
1501 2601 1644 2650 multi
1665 2601 1844 2652 habent
1869 2624 1896 2644 σ
1915 2619 2016 2652 non
2034 2603 2276 2668 possimus
2293 2625 2318 2646 a·
2333 2639 2350 2663 ,
2375 2606 2520 2658 etiam

396 2681 570 2729 διν-ι.
595 2707 666 2718 -
688 2678 915 2728 Dicemus
941 2679 1075 2730 abest
1096 2679 1158 2727 ab
1184 2677 1411 2727 Oudend-

396 2761 535 2819 MSS,
546 2774 653 2807 non
672 2768 838 2807 umen
853 2793 869 2818 ‚
892 2769 950 2806 ut
967 2757 1040 2805 illi
1056 2757 1278 2822 placebat
1292 2791 1307 2818 ‚
1326 2756 1413 2804 de·

396 2837 607 2886 lendum.
653 2837 866 2886 Senm-
893 2863 963 2873 —
1010 2835 1165 2885 Abest
1197 2835 1411 2888 dicemus

396 2915 511 2968 edd.
534 2917 700 2977 1476,
729 2915 866 2964 Med.
900 2915 1054 2978 1498.

468 3012 548 3046 12.
599 2995 983 3046 commemorare
1017 2993 1225 3044 debeam
1264 2993 1411 3044 velle.

406 3075 537 3124 Velle
568 3073 706 3122 aheat
730 3072 794 3121 ab
827 3073 909 3122 ed.
944 3074 1095 3135 1474.

472 3157 553 3205 13.
590 3157 694 3202 Aut
717 3153 854 3220 quod
869 3164 1051 3201 rectum
1068 3153 1133 3202 sic
1150 3190 1168 3218 ,
1192 3170 1258 3203 ex
1290 3153 1413 3202 alio-

398 3248 501 3282 rum
540 3233 690 3282 laude
739 3232 1008 3281 ostendere.
1061 3235 1119 3280 In
1182 3231 1412 3282 Oudend.

398 3313 537 3372 MSS,
552 3334 579 3354 ι
588 3311 727 3378 quod
738 3323 923 3360 rectum
938 3313 1001 3360 ait
1013 3346 1027 3370 ,
1040 3323 1193 3361 autex
1206 3313 1412 3363 aliorum

399 3391 437 3438 1.
460 3403 553 3440 ost.
566 3413 593 3435 a·
612 3391 699 3440 sed
722 3390 913 3456 vulgata
932 3392 1107 3439 mutari
1120 3407 1223 3440 non
1250 3391 1411 3442 debet.

410 3493 431 3510 ⁴·
452 3473 551 3522 Ant
577 3489 639 3520 ex
663 3471 871 3520 aliorum
894 3493 921 3514 a
956 3469 1037 3520 ed.
1060 3471 1197 3521 Med.
1241 3473 1373 3536 1498
1394 3506 1412 3534 ,

401 3549 475 3600 ed.
494 3549 841 3612 uqa-Pan.
862 3564 1030 3598 omnes
1047 3551 1274 3612 rejiciunt
1288 3549 1414 3600 hanc

401 3630 689 3692 petitionem
708 3667 725 3694 ,
747 3628 1027 3696 habentque
1048 3665 1061 3690 ‚
1086 3651 1112 3672 ιι
1132 3629 1255 3678 velle
1280 3631 1417 3696 quod

400 3717 583 3756 rectum
619 3709 706 3769 eit,
734 3719 820 3756 ant
864 3725 928 3757 ex
959 3707 1165 3757 aliorum
1187 3731 1213 3752 ι·
1241 3709 1419 3776 Neque

400 3785 537 3836 aliter
547 3786 754 3836 snm-idi
780 3787 928 3836 codd.
950 3787 1067 3836 item
1086 3789 1165 3837 nr.
1190 3804 1245 3837 ac
1275 3788 1415 3838 Fabr.

402 3867 569 3914 Gaur.

477 3946 556 3993 1⁴.
611 3945 837 3994 Unicum.
888 3945 1052 3994 Inteli.
1104 3947 1393 4012 singularem
1408 3987 1423 4012 ,

402 4021 686 4072 inauditam.

479 4101 559 4152 15.
588 4103 762 4152 Vereri
785 4119 872 4152 nos
900 4103 1131 4156 dicemus.
1168 4106 1270 4158 Pal.
1314 4119 1425 4158 tert.

1502 2679 1638 2730 Med.
1668 2680 1802 2742 1474
1826 2697 1892 2728 ne
1915 2715 1931 2740 ,
1975 2681 2059 2728 vix
2081 2681 2294 2730 dubitari
2313 2693 2477 2748 potest
2493 2701 2519 2732 a

1501 2774 1647 2806 manu
1673 2759 1886 2808 auctoris
1909 2775 2012 2808 esee
2027 2795 2042 2822 ,
2077 2782 2101 2802 ιι
2119 2776 2181 2808 ne
2222 2760 2355 2808 illius
2395 2763 2522 2812 facta

1606 2853 1710 2886 non
1735 2838 1974 2904 possimus
1993 2855 2049 2896 »ς
2091 2837 2231 2901 quod
2246 2839 2390 2888 etiam
2413 2839 2524 2888 effi·

1501 2916 1665 2964 cacins
1687 2927 1776 2966 est.
1801 2917 2020 2966 Eunu-r.
2059 2942 2129 2952 —
2158 2915 2313 2978 Cujus
2335 2928 2386 2965 et
2418 2920 2523 2968 Ou-

1501 2995 1762 3062 dendorpii
1776 2995 2065 3044 auctoritate
2075 2993 2308 3044 inductus
2324 2997 2522 3048 Schiiu.

1501 3073 1683 3134 edidit,
1723 3097 1748 3116 κ
1773 3090 1838 3122 ne
1857 3073 1987 3123 illius
2014 3073 2048 3122 f.
2075 3091 2121 3122 v.
2149 3090 2198 3124 e.
2231 3091 2336 3124 non
2359 3081 2520 3144 possi-

1501 3170 1660 3204 mnso.
1684 3151 1813 3204 Edd.
1837 3143 2020 3215 ἱ1476,
2059 3153 2194 3204 Med.
2229 3157 2393 3218 1498,
2419 3179 2446 3204 ·-
2465 3170 2521 3207 ut

1511 3269 1524 3281 .
1543 3269 1556 3282 .
1571 3265 1585 3280 .
1605 3249 1712 3282 non
1725 3233 1965 3298 possimus
1977 3253 2014 3279 ιι.
2036 3259 2106 3270 -
2119 3233 2199 3281 Sic
2217 3249 2389 3284 omnes
2403 3235 2521 3285 Pan.

1501 3323 1676 3380 praeter
1699 3313 1966 3362 secundnm
1983 3346 2000 3373 ,
2044 3311 2184 3377 quod
2228 3311 2377 3362 latine
2421 3315 2518 3363 dici

1500 3409 1643 3458 posse
1661 3392 1752 3441 hae
1777 3391 2134 3458 significatione
2160 3403 2353 3442 strenue
2379 3407 2522 3460 negat

1502 3468 1780 3522 Lambinus.
1798 3477 1966 3528 Gaur-

1581 3566 1665 3612 17·
1703 3551 1878 3599 Omnes
1901 3549 2118 3598 homines
2159 3547 2289 3598 illius
2322 3549 2524 3600 virtutes

1499 3629 1772 3695 predicare
1795 3641 2036 3694 oportere.
2059 3631 2252 3678 Emeet.
2269 3650 2293 3672 ι
2315 3629 2528 3680 hominis

1503 3709 1634 3757 illius
1645 3731 1671 3751 a·
1687 3709 1841 3756 edidit
1852 3745 1867 3771 ,
1879 3719 1938 3757 ut
1949 3709 2112 3758 (ἐι-ειν.
2128 3707 2374 3772 placebat,
2394 3712 2532 3774 quod

1507 3788 1561 3836 in
1574 3786 1721 3837 codd.
1736 3787 1930 3838 dnobus
1951 3797 2206 3852 repererat,
2229 3797 2284 3834 ut
2301 3789 2530 3838 Oudend.

1476 3861 1487 3866 “
1511 3870 1564 3916 in
1590 3869 1710 3916 aliis.
1737 3867 1818 3916 Sic
1849 3867 2031 3916 habent
2063 3867 2206 3915 etiam
2244 3865 2358 3914 edd.
2394 3867 2532 3916 Med.

1519 3948 1651 4012 1498
1673 3983 1688 4008 ,
1714 3949 1854 3996 Jnnt.
1909 3973 1980 3984 --
2024 3945 2148 3995 Cod.
2199 3945 2298 3994 Erf.
2343 3945 2528 3996 Cauch.

1527 4043 1732 4076 «omnes
1756 4025 1977 4074 homines
2018 4025 2149 4073 illine
2190 4023 2380 4074 virtutis
2405 4041 2532 4092 pre-

1516 4107 1676 4156 dicare
1700 4116 1927 4171 oportere
1947 4125 1987 4152 ιν.
2007 4107 2121 4154 Seu.
