2982 4682
535 383 628 470 48
1088 345 1092 350 ’
1276 387 2031 458 ARGUMENTUM.
2105 411 2111 418 ·

611 527 785 586 quam
812 505 1009 566 secisse
1034 507 1343 567 confitetur
1363 549 1383 579 ,
1396 508 1531 586 jure
1560 509 1770 568 factam
1801 509 1944 568 dicit
1972 509 2098 567 sine
2127 508 2246 568 ulla
2271 509 2661 588 assumptione

610 604 875 662 extrariae
905 601 1267 663 defensionis.
1294 607 1364 663 In
1390 605 1502 664 hac
1529 604 1712 684 igitur
1736 605 1886 683 juris
1911 619 2112 685 partes
2139 604 2510 679 adhibentur,
2534 628 2661 685 quae

607 714 744 759 sunt
774 713 1013 772 natura,
1051 699 1183 771 lex,
1219 699 1612 776 consuetudo,
1638 700 1997 779 judicatum,
2041 719 2270 779 aequum
2319 715 2379 760 et
2412 701 2660 774 bonum,

609 809 867 874 pactum,
900 815 1029 873 cap.
1081 795 1173 855 13.
1200 795 1427 855 Deinde
1452 796 1798 875 assumptiva
1842 817 1976 876 pars
1996 795 2341 875 juridicialis
2376 799 2661 858 constitu-

610 893 781 951 tionis
819 891 1245 969 consideratur,
1291 891 1681 970 doceturque,
1715 890 1857 971 quid
1887 891 1962 952 ab
1993 905 2328 952 accusatore
2369 906 2429 952 et
2456 893 2660 954 defen-

607 1009 740 1049 sore
786 989 911 1047 fieri
952 987 1196 1060 debeat,
1249 989 1313 1046 1⁰
1339 989 1400 1046 in
1445 989 1882 1067 comparatione
1899 1031 1917 1062 ,
1953 987 2056 1047 ubi
2100 989 2377 1066 quaeritur
2394 1032 2412 1064 ,
2465 1003 2659 1049 utrum

612 1085 788 1145 satius
822 1087 997 1145 suerit
1022 1105 1193 1164 agere
1220 1085 1279 1144 id
1307 1085 1469 1164 quod
1493 1106 1627 1144 reus
1651 1086 1806 1144 dicat
1832 1105 1892 1144 se
1923 1085 2153 1161 fecisse,
2181 1105 2254 1144 an
2282 1085 2342 1144 id
2376 1086 2535 1164 quod
2562 1107 2660 1146 ac—

605 1196 838 1242 cusator
862 1183 1019 1242 dicat
1044 1183 1371 1262 oportuisse
1400 1179 1561 1253 fieri,
1589 1202 1716 1261 cap.
1747 1191 1853 1252 143
1881 1179 1947 1239 2⁰
1972 1182 2036 1240 in
2063 1183 2434 1241 translatione
2459 1183 2658 1242 crimi-

530 1337 541 1346 ,
604 1282 724 1353 nis,
772 1299 900 1360 cap.
934 1269 1037 1354 ιδ’,
1092 1298 1273 1358 quum
1312 1278 1388 1337 ab
1420 1299 1524 1338 reo
1565 1279 1702 1338 facti
1750 1299 1923 1338 causa
1957 1279 2018 1337 in
2060 1275 2302 1338 aliorum
2347 1293 2652 1358 peccatum

604 1378 985 1447 transfertur;
1015 1371 1117 1434 3⁰⁸
1100 1393 1161 1434 m
1184 1374 1586 1449 concessione,
1618 1394 1747 1454 cap.
1781 1375 1873 1448 16,
1911 1395 2015 1448 17,
2047 1394 2155 1453 per
2179 1393 2354 1452 quam
2379 1395 2513 1436 reus
2539 1375 2654 1436 sibi

600 1473 821 1550 ignosci
846 1473 1104 1550 postulat
1122 1515 1140 1546 ,
1167 1471 1288 1530 sive
1307 1490 1369 1529 se
1398 1469 1733 1549 purgando,
1761 1470 1881 1529 sive
1907 1465 2298 1548 deprecando.

680 1568 966 1646 Expositis
1009 1568 1185 1648 igitur
1229 1563 1826 1645 argumentationibus
1864 1566 1928 1623 in
1975 1583 2322 1643 unaquaque
2363 1565 2653 1644 judicialis

600 1665 827 1744 generis
867 1676 1029 1744 parte
1069 1662 1444 1737 adhibendis,
1479 1663 1651 1723 docet
1695 1675 1930 1734 auctor,
1980 1662 2468 1741 quemadmodum
2509 1665 2652 1743 ipsae

600 1761 1119 1839 argumentationes
1141 1772 1343 1819 ornate
1358 1771 1419 1818 et
1438 1758 1703 1818 absolute
1722 1759 1954 1818 tractari
1971 1759 2360 1838 possint,cap.
2391 1760 2463 1818 18
2485 1780 2648 1841 seqq.

598 1863 803 1937 Itaque
844 1855 1095 1937 primum
1142 1870 1339 1938 partes
1376 1856 1886 1936 argumentationis
1927 1869 2368 1916 enumerantur.
2387 1877 2454 1916 ac
2500 1857 2652 1918 defl-

598 1955 854 2026 niuntu'r,
876 1955 1199 2035 propositio
1216 1997 1232 2024 ,
1253 1955 1399 2012 ratio
1414 1997 1429 2026 ,
1460 1953 1704 2012 rationis
1729 1951 2435 2026 confirmatio,exornatio
2453 1995 2470 2025 ,
2496 1973 2649 2014 com-

594 2051 816 2130 plexio,
841 2073 968 2131 cap.
1002 2053 1072 2110 18
1088 2097 1105 2124 ‚
1137 2073 1225 2128 19.
1250 2051 1475 2110 Deinde
1501 2049 1816 2109 secundum
1848 2049 2112 2108 ordinem
2135 2049 2342 2112 harum
2366 2053 2646 2130 partium,

598 2169 729 2228 quae
758 2148 993 2208 vitanda
1022 2149 1137 2208 sint
1159 2149 1217 2206 in
1248 2148 1483 2229 singulis
1513 2146 1648 2205 vitia
1665 2191 1682 2218 ,
1719 2158 2222 2220 commonstratur,
2245 2167 2373 2225 cap.
2401 2167 2600 2226 ²⁰·29·

674 2252 801 2306 Jam
832 2244 1094 2304 absoluta
1121 2243 1195 2302 de
1232 2244 1437 2303 ceteris
1482 2241 1746 2322 partibus
1782 2242 2060 2300 orationis
2099 2243 2160 2300 in
2189 2261 2360 2301 causa
2379 2243 2644 2321 judiciaii

592 2343 983 2423 disputatione
1003 2340 1248 2419 (dictum
1276 2341 1429 2400 enim
1445 2354 1571 2399 erat
1587 2339 1670 2398 'de
1690 2339 1932 2398 exordio
1945 2339 2320 2414 ,narratione,
2341 2339 2641 2413 divisione,

594 2442 1025 2500 confirmatione
1063 2454 1121 2497 et
1162 2436 1633 2515 confutatione),
1668 2438 1928 2515 sequitur
1961 2438 2120 2496 locus
2147 2436 2220 2496 de
2253 2438 2640 2497 conclusioni-

591 2534 733 2608 bus,
755 2557 879 2615 cap.
906 2539 980 2593 30
1004 2554 1166 2613 seqq.
1184 2533 1288 2593 ubi
1318 2530 1461 2591 1⁰de
1490 2531 1920 2591 enumeratione
1941 2574 1957 2601 ,
1987 2530 2054 2591 2⁰
2075 2532 2149 2592 de
2173 2534 2640 2613 amplificatione,

600 2630 667 2688 3⁰
698 2631 772 2691 de
800 2630 1320 2705 commiseratione,
1353 2630 1609 2721 cap.·31,
1640 2628 1848 2708 agitur.
