2982 4682
712 412 719 421 ·
765 394 1259 464 oRA'romAE
1302 371 1947 481 PARTITION'ES,
2011 395 2115 467 ι3.
2368 392 2504 489 537

374 516 605 589 cendo
636 515 927 613 singula
965 531 1399 605 tractentur,
1438 532 1800 614 exspecto,
1846 560 1942 569 —
1983 520 2060 587 C.
2099 522 2172 589 P.
2230 516 2501 615 [Argu-

376 628 889 698 mentationem
904 618 963 723 3]
997 650 1319 723 quaerere
1346 626 1648 712 videris,
1666 651 1830 722 quae
1848 627 1939 698 sit
1959 630 2365 723 argumenti
2388 652 2504 697 ex—

378 738 667 835 plicatio
696 764 711 805 :
750 735 953 835 [quae
978 752 1270 835 sumpta
1296 762 1384 809 ex
1427 738 1514 808 iis
1543 737 1755 824 lociS,
1793 737 1923 834 qui
1957 751 2130 808 sunt
2158 739 2504 833 expositi,

371 845 823 919 conficienda
879 862 951 918 et
1011 846 1521 943 distinguenda
1569 845 1884 918 dilucide
1940 843 2124 942 cst.]
2161 886 2258 899 --
2297 848 2373 914 C.
2432 852 2503 917 F.

370 957 588 1029 Plane
624 959 853 1029 istuc‘*
890 960 1131 1057 ipsum
1162 956 1518 1029 desidero.
1548 1000 1644 1011 ——
1671 961 1748 1029 C.
1779 961 1852 1027 P.
1881 962 2006 1027 Est
2043 980 2250 1053 erg0‚
2290 971 2372 1027 ut
2393 978 2508 1027 su·
2587 952 2594 957 ’

371 1091 499 1164 pra
536 1066 812 1138 dictum
850 1081 995 1155 est,
1038 1067 1425 1165 explicatio
1454 1067 1902 1165 argumenti,
1942 1070 2505 1164 argumentatio:

371 1176 493 1246 sed
527 1200 612 1247 ea
636 1175 1049 1263 conficitur,
1079 1202 1310 1275 quum
1339 1179 1734 1275 sumpseris
1755 1193 1881 1249 aut
1907 1201 2057 1248 non
2091 1172 2312 1248 dubia
2330 1229 2351 1264 ,
2384 1192 2512 1248 aut

371 1285 809 1384 probabilia,
854 1312 945 1359 ex
979 1288 1247 1384 quibus
1284 1288 1358 1359 id
1405 1286 1708 1377 efficias,
1748 1288 1947 1385 quod
1993 1301 2119 1357 aut
2154 1286 2461 1358 dubium
2487 1340 2506 1369 ,

369 1412 495 1467 aut
544 1400 783 1469 minus
825 1397 1208 1497 probabile
1258 1423 1391 1496 per
1438 1424 1515 1471 se
1573 1399 1882 1471 videtur.
1934 1396 2547 1494 Argumentandi-

367 1521 609 1578 autem
652 1506 801 1579 duo
840 1524 1013 1580 sunt
1064 1534 1369 1607 genera,
1414 1532 1732 1606 quorum
1785 1506 2092 1579 alterum
2139 1504 2232 1579 ad
2281 1502 2503 1577 fidem

368 1614 651 1688 directo
688 1634 997 1715 spectat3
1038 1620 1345 1691 alterum
1386 1642 1461 1690 se
1498 1618 1800 1690 inflectit
1837 1617 1930 1689 ad
1968 1633 2269 1689 motum.
2313 1618 2503 1685 Diri-

368 1729 583 1821 gitur,
622 1752 851 1823 quum
880 1732 1263 1827 proposuit
1305 1730 1617 1825 aliquid,
1651 1728 1853 1827 quod
1888 1728 2266 1825 probaret,
2303 1750 2504 1798 sum-

369 1838 665 1934 psitque
694 1860 817 1926 ea,
856 1838 1124 1935 quibus
1158 1836 1588 1926 niteram-⁵3
1623 1854 1844 1936 atque
1879 1837 1992 1907 his
2027 1836 2505 1923 confirmatis,

369 1946 457 2017 ad
502 1950 957 2045 propositum
1005 1948 1341 2038 retulitss,
1394 1964 1614 2046 atque
1659 1949 2033 2020 conclusit.
2091 1947 2220 2019 Illa
2263 1963 2505 2019 autem

369 2056 591 2127 altera
630 2060 1198 2156 argumentatiO,
1233 2061 1440 2155 quasi
1474 2074 1670 2130 retro
1708 2073 1781 2130 et
1816 2072 2104 2145 contra,
2141 2058 2343 2154 prius
2379 2082 2503 2127 su-

374 2169 537 2255 mit,
564 2194 725 2265 quae
746 2170 898 2241 vult
918 2179 1219 2267 ⁷,eaque
1244 2168 1662 2257 confirmat;
1697 2167 1957 2241 deinde
1984 2168 2092 2252 id,
2125 2168 2319 2263 quod
2351 2192 2508 2264 pro-

369 2280 794 2376 ponendum
835 2278 1009 2370 fuit,
1044 2284 1392 2380 permotis
1442 2281 1699 2354 animis
1729 2281 1903 2376 jacit
1945 2279 2034 2351 ad
2077 2293 2503 2352 extremum.

368 2391 490 2460 Est
526 2385 812 2462 autem⁸
856 2390 976 2461 illa
1012 2394 1317 2464 varietas
1351 2397 1427 2463 in
1453 2391 2063 2490 argumentandO,
2103 2404 2175 2462 et
2201 2383 2352 2460 non
2393 2389 2506 2458 in·

438 2561 493 2610 3.
532 2562 1020 2626 Argumentationem
1165 2579 1281 2626 quoe
1330 2563 1397 2612 sie

366 2657 555 2705 argum.
575 2641 706 2705 est-pl.
728 2657 841 2705 quce
860 2653 1058 2707 sumpta
1087 2679 1101 2690 .
1114 2677 1126 2690 .
1139 2677 1151 2690 .
1190 2641 1277 2690 dil.
1304 2655 1395 2691 est.

366 2720 586 2768 Verbum
610 2722 1083 2785 argumentationem
1109 2722 1215 2770 sine
1240 2721 1395 2770 dubio
1435 2754 1439 2758 -

368 2800 590 2863 spurium
628 2811 738 2848 est:
780 2817 891 2848 nam
926 2817 1109 2849 nomeu
1143 2801 1241 2848 hoc
1280 2811 1399 2865 post

368 2879 571 2941 ponitur
588 2893 601 2926 :
622 2887 696 2925 est
711 2895 828 2942 ergo
842 2879 1109 2943 explicatio
1122 2880 1396 2944 argumenti

367 2957 741 3020 argumentatio.
777 2957 881 3005 Nee
918 2958 1273 3021 argumentatio
1309 2975 1391 3007 su-

368 3035 519 3082 mitur
540 3053 567 3082 e
594 3034 743 3093 locis,
784 3037 869 3084 sed
898 3048 1266 3100 argumentnm3
1289 3039 1393 3098 ejus

367 3125 529 3162 autem
596 3113 822 3162 metatio
881 3125 955 3162 est
1018 3116 1389 3178 argumentatio.

366 3194 559 3242 Deinde
574 3208 669 3258 pro
688 3209 800 3256 quoe
824 3192 888 3240 sie
904 3193 1065 3241 Aldus
1085 3206 1134 3242 et
1150 3195 1391 3244 saucha-

370 3273 488 3321 bent
512 3289 625 3337 quat
652 3283 723 3320 est
743 3288 762 3318 .·
793 3287 905 3321 sane
941 3271 1005 3320 sie
1038 3271 1091 3320 in
1122 3273 1219 3320 hoc
1245 3285 1388 3322 textu

368 3365 495 3400 stare
518 3369 623 3401 uon
640 3363 820 3416 potest.
840 3353 1065 3415 Denique
1085 3352 1176 3400 MS
1202 3354 1261 3402 E.
1283 3369 1389 3402 non

368 3432 515 3480 habet
542 3453 568 3476 οι
587 3447 696 3496 qnae
722 3443 976 3497 sumpta...
992 3431 1078 3480 dil.
1099 3443 1170 3480 est
1184 3453 1232 3495 a,
1257 3433 1393 3496 qnod

366 3511 528 3574 placet
552 3527 567 3558 ε
585 3527 697 3558 nam
721 3511 803 3558 hic
826 3511 888 3560 de
916 3525 1091 3574 genere
1118 3511 1269 3560 modo
1295 3528 1390 3559 set*

368 3607 449 3638 mo
492 3606 593 3640 esse
645 3600 842 3654 potest;
880 3591 1145 3654 explicatio
1188 3592 1293 3652 ejus
1340 3601 1389 3638 et

368 3681 609 3734 praecepta
649 3669 861 3718 faciendi
894 3682 1182 3734 sequnntur,
1214 3671 1385 3719 viden-

369 3761 545 3813 turque
568 3765 624 3798 ea
650 3749 793 3798 verba
808 3749 1003 3798 aliunde
1029 3761 1220 3815 sumpta
1250 3767 1353 3799 esse
1370 3786 1386 3811 ,

368 3829 454 3876 ubi
508 3829 570 3877 de
621 3830 1038 3892 argumentatione
1086 3846 1247 3878 sermo
1297 3841 1386 3878 est.

369 3908 497 3956 Eun.
524 3935 580 3944 —
607 3906 771 3955 Verba
788 3922 898 3970 quse
922 3909 1037 3956 Em.
1063 3911 1227 3973 spuria
1252 3908 1387 3969 judi-

368 3987 525 4043 cavit,
572 3983 829 4034 Schiitzius
867 3985 1069 4038 delevit.
1102 4014 1175 4026 -—
1212 3988 1289 4035 De
1338 4003 1391 4035 re

368 4066 471 4130 ipsa
500 4082 645 4128 quam
680 4066 781 4114 hoc
821 4066 979 4130 eapite
1010 4078 1061 4116 et
1090 4075 1155 4123 ιι
1180 4077 1385 4128 tractat,

369 4146 537 4194 confer
566 4145 793 4210 pluribus
818 4145 1131 4196 disserentem
1162 4148 1381 4196 Herenn.

1482 2564 1572 2612 lib.
1592 2565 1644 2612 11
1659 2599 1674 2624 ,
1699 2579 1811 2628 cap.
1843 2564 2030 2624 18·²9;
2058 2559 2120 2608 de
2141 2561 2334 2608 Invent.
2353 2557 2441 2608 lib.
2459 2561 2502 2618 1,

1484 2659 1593 2708 esp.
1614 2653 1794 2705 ²941·
1810 2643 2010 2690 'wa-ra.-

1559 2730 1611 2778 6.
1642 2725 1796 2772 Istuc.
1825 2721 1939 2768 Sch.
1969 2717 2119 2768 istud.

1561 2801 1611 2851 5.
1659 2801 1840 2864 Quibus
1883 2800 2131 2848 niteretur.
2178 2798 2258 2847 Sic
2303 2799 2395 2846 MS
2441 2799 2501 2844 F..

1484 2881 1623 2943 quod
1659 2879 1843 2928 librarii
1876 2895 1980 2927 esse
2005 2895 2108 2928 non
2131 2887 2297 2942 potest
2321 2895 2334 2924 ε
2367 2877 2500 2940 vulg,

1485 2971 1718 3008 uteretur.
1748 2960 1928 3008 Similis
1950 2960 2176 3008 conlusio
2202 2959 2318 3006 infr.
2340 2973 2384 3005 c.
2409 2957 2502 3018 36,

1480 3049 1532 3087 et
1574 3038 1799 3102 pluribus
1839 3039 1944 3086 aliis
1993 3037 2143 3098 locis,
2193 3037 2279 3100 qni
2328 3035 2504 3084 deinde

1477 3116 1846 3166 indicabuntur.
1875 3119 1993 3168 Non
2025 3116 2243 3164 dubitavi
2267 3115 2502 3180 recipere.

1482 3195 1580 3245 Sed
1597 3195 1805 3243 edlven.
1836 3195 2052 3260 «quibus
2075 3197 2508 3244 monstret-„Eam

1484 3301 1553 3312 —
1571 3277 1730 3338 Quem
1757 3275 1872 3324 Sch.
1897 3275 2134 3338 sequitur.
2479 3325 2484 3330 ,

1553 3353 1606 3403 6.
1636 3354 1721 3401 Aa
1742 3371 1894 3419 prop.
1933 3353 2116 3404 retulit.
2159 3351 2355 3401 uilem.
2394 3374 2414 3394 ι
2435 3350 2500 3400 ad

1478 3449 1626 3498 prop.
1653 3449 1758 3480 sese
1781 3444 1872 3482 ret.
1897 3455 1919 3476 ι
1946 3433 2060 3482 Sch.
2085 3454 2111 3474 α
2127 3448 2178 3480 se
2206 3431 2372 3480 retulit
2387 3453 2430 3478 n.

1555 3529 1604 3574 7.
1631 3512 1770 3560 Prius
1797 3511 1962 3570 sumit,
1991 3527 2102 3576 quae
2127 3511 2250 3559 vult.
2269 3513 2339 3558 Ut
2363 3514 2500 3574 signa

1478 3591 1576 3652 rei,
1611 3607 1674 3639 ex
1711 3589 1890 3655 quibus
1928 3590 2107 3639 docere
2149 3589 2288 3639 vult:
2320 3589 2497 3652 “quod

1476 3670 1856 3734 proponendum
1877 3671 2030 3727 fuit»,
2049 3677 2122 3716 est
2146 3667 2284 3731 quod
2305 3667 2498 3718 volebat

1476 3747 1624 3800 effici.
1643 3751 1834 3814 Nempe
1855 3748 2030 3796 ordine
2053 3745 2264 3811 simplici
2283 3746 2496 3810 primum

1478 3829 1713 3888 dicimus,
1751 3827 1888 3892 quod
1937 3826 2194 3876 defendere
2235 3826 2462 3874 volumus
2481 3859 2496 3886 ‚

1480 3909 1656 3958 deinde
1675 3917 1956 3972 argumenta
1977 3905 2260 3967 subjicimus
2289 3919 2304 3954 :
2328 3905 2410 3952 hic
2427 3915 2500 3952 eat

1476 3999 1667 4038 eontra.
1691 3991 1820 4036 Ean.

1551 4069 1600 4116 8.
1621 4069 1883 4116 Eseautem
1910 4064 1999 4114 illa
2019 4082 2074 4112 v.
2102 4063 2192 4113 MS
2211 4065 2268 4112 E.
2291 4062 2502 4114 ede.

1477 4146 1652 4206 etiam,
1681 4146 1816 4211 quod
1842 4145 1960 4194 Sch.
1985 4143 2216 4209 praetulit.

2651 4581 2896 4634 A
