2982 4682
488 370 585 452 40
1170 371 1265 438 M.
1317 372 1394 438 T.
1450 371 1935 445 chERoms

484 493 638 558 Hoc
680 487 1013 586 modoein
1048 488 1209 560 loco
1246 494 1616 563 communi
1650 518 1780 592 per
1814 488 2440 589 amplificationem
2491 490 2604 558 in-

479 598 809 692 jiciemus
828 625 843 667 :
864 627 897 662 α
916 597 1134 691 Quod
1159 604 1221 669 si
1248 599 1389 672 hoc
1416 599 1697 675 fecisset
1719 655 1738 689 ‚
1771 617 2010 672 tamen
2032 603 2096 670 ei
2123 621 2259 695 pro
2286 599 2604 695 pristinis

482 706 849 778 beneficiis
890 710 1163 805 ignosci
1224 715 1648 783 conveniret
1693 739 1710 781 ε
1758 734 2009 782 verum
2066 707 2245 777 nihil
2288 707 2604 804 postulat

478 820 817 914 ignosci».
848 821 1035 915 Ergo
1062 820 1135 888 in
1149 818 1501 913 judicium
1526 836 1679 893 non
1707 823 1938 908 venit;
1971 823 2142 891 atin
2169 832 2494 889 senatum
2514 827 2602 904 ¹9,

477 941 605 996 aut
649 943 816 998 ante
861 930 1368 1025 imperatorem
1420 943 1494 1001 et
1544 933 1620 1002 in
1673 930 2054 1002 consilium
2078 937 2147 972 ²⁰
2191 925 2348 998 talis
2391 950 2601 998 causa

477 1050 717 1134 potest
752 1039 1019 1109 venire.

574 1151 728 1218 XV.
765 1147 951 1243 (xv.)
1005 1149 1109 1218 Ex
1150 1149 1614 1220 translatione
1647 1149 2004 1222 criminis¹
2047 1171 2256 1220 causa
2290 1159 2598 1232 constat,

478 1278 708 1350 quum
731 1254 979 1328 fecisse
993 1281 1129 1329 nos
1150 1283 1301 1329 non
1318 1258 1828 1358 negamus‚sed
1847 1258 2150 1330 aliorum
2165 1258 2474 1355 peccatis
2491 1279 2600 1325 co-

478 1378 676 1436 actos
703 1363 952 1438 fecisse
974 1367 1308 1438 dicimus:
1326 1373 1756 1441 ιιῑαΟΓεεῐεε
1784 1393 2012 1466 quum
2033 1393 2108 1439 se
2129 1363 2449 1438 defendit
2464 1419 2484 1450 ‚
2521 1367 2600 1434 in

478 1489 780 1546 matrem
806 1474 1086 1548 confert
1114 1477 1387 1547 crimen
1402 1508 1455 1546 n.
1476 1481 1582 1548 Ex
1609 1481 2016 1548 remotione
2043 1476 2360 1548 criminis
2391 1497 2600 1544 causa

475 1599 792 1669 constat,
823 1609 1052 1682 quum
1084 1611 1123 1656 a
1149 1585 1363 1658 nohis
1387 1613 1538 1658 non
1571 1590 1867 1674 crimen,
1903 1585 2031 1658 sed
2062 1585 2348 1684 culpam
2371 1585 2596 1681 ipsam

476 1705 967 1784 amovemus²‚
1005 1709 1077 1767 et
1112 1696 1224 1768 vel
1252 1691 1339 1766 'in
1381 1695 1751 1768 hominem
1787 1693 2321 1782 transferimus,
2367 1691 2482 1762 vel
2525 1693 2597 1760 in

477 1827 629 1874 rem
662 1810 1076 1904 quampiam
1113 1805 1568 1878 conferimus.
1609 1813 1694 1878 In
1731 1807 2102 1878 hominem
2143 1800 2594 1876 transfertur:

402 1953 411 1960 ·
474 1925 559 1982 ut
590 1941 625 1976 α
650 1915 709 1983 si
750 1929 1124 1987 accusetur
1158 1917 1219 1986 is
1240 1972 1259 2003 ‚
1286 1917 1415 2013 qui
1440 1921 1515 1988 P.
1560 1907 2007 2014 Sulpicium3
2041 1940 2116 1986 se
2148 1913 2455 1985 fateatur
2481 1937 2598 1984 oc·

477 2021 769 2110 cidisse,
806 2039 879 2095 et
919 2023 995 2096 id
1020 2025 1228 2119 jussu
1269 2025 1650 2098 consulum
1695 2023 2034 2095 defendat
2055 2021 2112 2110 4,
2152 2037 2224 2093 et
2253 2045 2378 2092 eos
2412 2019 2600 2091 dicat

474 2156 629 2201 non
690 2131 909 2204 modo
960 2135 1349 2231 imperasse
1370 2188 1391 2221 ‚
1432 2132 1556 2205 sed
1609 2135 1962 2204 rationem
2009 2157 2308 2231 quoque
2355 2146 2598 2202 osten-

476 2239 661 2312 disse
683 2295 703 2330 ,
734 2265 956 2339 quare
994 2241 1065 2313 id
1108 2240 1343 2315 facere
1380 2243 1696 2314 liceret».
1735 2249 1824 2314 In
1859 2267 2013 2316 rem
2051 2241 2446 2331 confertur,
2479 2255 2595 2327 ut,

475 2354 535 2421 si
561 2354 759 2449 quiS,
792 2378 883 2424 ex
919 2367 1351 2425 testamento
1385 2354 1587 2450 quod
1623 2352 1856 2426 facere
1891 2354 2132 2450 jussus
2161 2356 2288 2443 sit,
2319 2379 2405 2425 ex
2447 2351 2596 2449 ple-

476 2456 733 2533 biscito
800 2476 1109 2533 vetetur.
1182 2466 1287 2533 Ex
1367 2455 1952 2562 comparatione⁵
2012 2488 2224 2536 causa
2281 2476 2595 2548 constat,

550 2654 630 2701 ις.
656 2643 725 2687 At
741 2639 793 2686 in
818 2650 1057 2687 senatum.
1080 2639 1176 2690 Ed.
1198 2640 1333 2689 Med.
1360 2642 1491 2704 1498

474 2729 522 2766 et
546 2718 704 2781 1476,
734 2740 760 2761 ιι
778 2718 865 2766 ned
890 2730 975 2768 ant
994 2721 1047 2767 in
1065 2730 1281 2768 senatum
1306 2740 1351 2767 ι.

544 2812 626 2844 20.
664 2798 770 2855 Aut
808 2809 927 2846 ante
972 2798 1314 2862 imperatorem
1352 2810 1403 2848 ee
1438 2800 1491 2847 in

472 2874 747 2925 consilium.
794 2879 946 2926 Recte
988 2878 1181 2927 Ernesti
1221 2878 1455 2928 indit-avit
1473 2913 1490 2940 ,

470 2954 577 3002 hoee
606 2970 711 3003 non
734 2955 836 3004 duo
860 2955 1072 3004 membra
1095 2972 1222 3016 enne,
1250 2958 1338 3007 sed
1356 2976 1487 3007 eam-

472 3032 583 3081 dem
598 3050 713 3093 rem,
727 3050 899 3100 nempe
908 3036 1213 3099 imperatoris
1229 3038 1486 3086 consilium

470 3112 754 3179 significari,
772 3117 897 3161 utin
917 3113 1083 3162 eadem
1104 3132 1156 3163 re
1175 3116 1279 3166 Cic.
1299 3117 1360 3165 de
1377 3120 1487 3169 InV.

471 3197 519 3242 11
534 3226 551 3253 ,
579 3196 663 3259 37,
682 3196 866 3243 mentio
882 3206 1069 3243 tantum
1090 3194 1148 3243 fit
1175 3218 1203 3238 κ
1222 3206 1414 3246 senatus
1436 3208 1487 3247 et

469 3273 663 3322 consilii
683 3294 726 3322 n.
755 3275 869 3321 scu.
898 3302 967 3311 —
987 3274 1257 3323 Consilium
1279 3276 1485 3325 militaro

468 3353 815 3417 imperatorum
831 3387 845 3411 ,
873 3368 933 3401 ex
950 3353 1117 3417 legatis
1131 3389 1147 3415 ,
1168 3352 1373 3403 tribunis
1388 3357 1489 3420 pri-

468 3432 631 3496 mique
642 3431 740 3480 loci
754 3430 959 3479 ducibus
976 3434 1486 3485 constitutum-Wm.

539 3514 654 3559 XV.
690 3524 735 3559 1.
782 3511 1125 3559 Tramlaeione
1148 3512 1381 3563 criminis.
1406 3514 1487 3565 cf.

467 3591 550 3646 11,
580 3588 660 3638 15.
696 3587 867 3637 Paullo
900 3589 998 3638 alio
1032 3606 1177 3638 sensu
1215 3591 1309 3639 luit
1340 3606 1486 3657 snpra

465 3666 721 3717 translatio
739 3667 965 3733 legitime
980 3684 1092 3735 pars
1113 3672 1282 3734 quinta
1294 3706 1311 3729 ,
1326 3686 1375 3722 c.
1402 3684 1427 3719 1
1439 3686 1484 3720 1.

465 3748 625 3809 Quam
649 3758 806 3796 autem
838 3746 923 3796 hic
958 3770 983 3789 ιι
1000 3748 1363 3797 translationem
1388 3750 1483 3797 cri·

463 3826 653 3874 minis»
680 3828 935 3886 nominat,
972 3826 1098 3874 hanc
1138 3828 1189 3873 in
1225 3828 1385 3891 primo
1422 3827 1483 3876 de

462 3908 569 3953 Inv.
596 3921 642 3954 c.
678 3920 735 3958 ιι
753 3940 769 3966 ,
795 3906 1079 3954 relacionem
1106 3906 1319 3954 criminis
1344 3906 1479 3957 dicit.

462 3987 584 4032 Item
608 3984 659 4032 in
680 3983 922 4045 secundo,
947 4000 993 4032 c.
1017 3982 1111 4044 ²6,
1136 3982 1222 4034 28.

532 4080 581 4113 2.
627 4065 726 4113 Sed
763 4064 959 4127 culpam
999 4062 1151 4127 ipwm
1194 4080 1481 4115 amovemus.

1581 2650 1856 2697 Pronomen
1874 2648 2031 2714 Ipsam
2047 2647 2306 2699 insititiam
2325 2664 2430 2696 esse
2448 2656 2598 2710 puto?

1581 2719 1622 2767 ni
1653 2730 1778 2768 ωιοε
1801 2740 1824 2763 ι
1847 2736 1953 2769 nou
1973 2722 2154 2767 crimen
2181 2720 2370 2783 ipsum,
2389 2718 2475 2765 sed
2496 2717 2600 2765 cul·

1581 2814 1694 2863 pam
1713 2815 1763 2858 υς
1798 2798 2072 2863 probarem.
2101 2800 2228 2847 Eut.
2255 2824 2326 2835 -—-
2349 2800 2508 2860 Quam
2531 2795 2597 2843 le-

1579 2876 1795 2925 ctionem
1821 2876 2016 2927 schiitz.
2042 2877 2275 2940 pretulit.

1651 2955 1702 3003 3.
1735 2957 1790 3003 Ρ.
1819 2955 2094 3019 Sulpicium.
2125 2954 2252 3003 vide
2285 2954 2346 3002 de
2377 2957 2466 3002 Or.
2491 2954 2565 3000 111
2579 2986 2596 3013 ,

1575 3034 1626 3081 3.
1651 3034 1780 3081 Ean.
1797 3060 1868 3071 —·-
1887 3036 2091 3083 Occisus
2108 3044 2181 3082 ent
2201 3034 2444 3097 Sulpicius
2465 3047 2598 3081 anno

1573 3112 1637 3159 U.
1657 3113 1714 3161 C.
1734 3112 1838 3160 665
1850 3147 1866 3171 ,
1885 3112 2026 3173 imm
2048 3112 2224 3176 Sulla,
2239 3128 2392 3177 quum
2411 3112 2598 3160 Marius

1572 3190 1839 3239 Minturnis
1859 3191 2044 3241 lamet.

1646 3277 1699 3325 4.
1733 3271 1801 3317 Ee
1827 3269 1885 3317 id
1895 3270 2042 3335 jussu
2065 3272 2318 3319 consulum
2341 3268 2596 3334 defendat.

1578 3347 1656 3396 Sic
1680 3346 1801 3396 Pan.
1827 3358 1876 3397 et
1901 3348 2021 3397 olim
2047 3350 2296 3415 impu-eni,
2331 3350 2424 3397 nisi
2459 3348 2596 3412 quod

1575 3426 1694 3477 Pau.
1715 3444 1790 3491 pr.
1809 3442 1914 3475 non
1931 3429 2105 3477 habeat
2125 3429 2354 3477 voculam
2371 3427 2454 3486 id,
2479 3438 2592 3477 ωτι.

1577 3520 1694 3554 vero
1711 3507 1818 3567 ejus
1835 3504 1950 3555 loco
1975 3524 2046 3557 se.
2066 3508 2312 3555 Posterius
2327 3506 2472 3563 editi,
2499 3526 2524 3549 o
2545 3518 2598 3554 et

1573 3583 1627 3631 id
1633 3584 1772 3649 jussu
1787 3586 2042 3633 consulum
2057 3600 2109 3633 ιο
2127 3586 2296 3633 fenim
2307 3584 2591 3641 defendat»,

1574 3678 1634 3711 ax
1659 3678 1977 3727 supervacuo.
2005 3666 2237 3713 Genu-n.
2273 3688 2346 3701 —-
2372 3666 2494 3725 Quoe
2517 3680 2596 3711 se-

1573 3752 1790 3805 quuntur
1805 3760 1906 3807 qno
1924 3753 2145 3809 spectent
2163 3758 2268 3791 non
2281 3742 2448 3791 video.
2467 3744 2594 3789 Nam

1572 3832 1845 3871 removetur
1861 3824 2048 3871 edinen
2059 3832 2108 3871 et
2123 3823 2166 3869 si
2189 3822 2426 3869 rationem
2443 3821 2593 3885 impe-

1571 3901 1630 3949 rii
1648 3917 1772 3950 eoa.
1797 3918 1902 3950 non
1919 3901 2240 3950 ostenderint.

1645 3982 1693 4028 5.
1745 3983 1828 4028 Ea·
1869 3981 2249 4045 comparatione.
2293 3982 2443 4029 Recte
2481 3996 2592 4027 eum

1575 4067 1768 4115 Graevio
1796 4068 1984 4115 Ernesti
2009 4066 2190 4121 delevit
2217 4065 2430 4114 crinu'nie
2452 4066 2587 4129 vulg.
