2982 4682
467 357 598 453 176
1137 359 1235 426 Μ.
1284 359 1361 424 Τ.
1416 359 1905 429 οιοΕΒοΝιε

454 481 766 575 primum
791 531 810 565 ,
845 475 1046 573 quod
1085 489 1333 547 contra
1381 475 1523 546 hoc
1560 476 1758 548 nulla
1794 492 2015 549 staret
2064 501 2319 549 eorum
2366 483 2586 568 ratio;

453 591 701 661 liceret
734 588 926 658 enim
950 583 979 628 ³
1019 586 1400 682 eligerent,
1441 601 1514 657 et
1550 586 1945 684 probarent
1981 589 2425 686 quemlibet,
2460 595 2589 690 qui

455 697 593 770 sibi
626 700 704 768 in
736 719 990 768 omnes
1017 719 1134 766 res
1175 694 1671 794 suppeditaret
1708 699 2069 796 exempla,
2112 699 2227 770 vel
2264 713 2587 798 poetam,

457 810 571 882 vel
619 823 1014 891 oratorem,
1068 829 1154 876 cu
1157 831 1182 901 J
1195 829 1276 875 us
1331 807 1757 878 auctoritate
1816 809 2237 879 niterentur.
2306 811 2591 882 Deinde

457 923 756 990 interest
803 916 1045 1013 magni
1085 914 1284 1012 ejuS,
1328 922 1456 1012 qui
1510 916 1783 986 discere
1825 917 2019 1006 vult,
2070 933 2316 989 utrum
2360 945 2591 992 unum
2655 957 2663 962 ·

458 1029 743 1112 omnia,
798 1049 893 1098 an
947 1026 1192 1096 omnia
1233 1029 1645 1112 neminem,
1686 1025 1812 1098 sed
1857 1026 2049 1099 aliud
2108 1027 2325 1100 alium
2386 1045 2593 1128 putet

457 1138 807 1236 consequi
849 1159 1084 1241 posse.
1149 1138 1222 1206 Si
1260 1135 1458 1207 enim
1497 1135 1785 1234 putabit
1828 1161 2039 1235 posse
2086 1142 2331 1211 omnia
2365 1166 2593 1239 penes

456 1275 690 1322 unum
725 1244 1154 1333 consistere,
1181 1249 1334 1343 ipse
1368 1269 1668 1343 quoque
1700 1246 1790 1317 ad
1822 1249 2151 1319 omnium
2188 1250 2461 1323 nitetur
2486 1251 2591 1323 fa-

455 1361 800 1434 cultatem
835 1384 852 1428 :
905 1359 1017 1430 sin
1053 1354 1130 1427 id
1167 1354 1609 1453 desperabit,
1664 1358 1741 1426 in
1787 1359 2034 1455 paucis
2068 1383 2145 1430 se
2189 1360 2589 1449 exercebit3

455 1471 626 1569 ipsis
651 1472 844 1540 enim
875 1480 1260 1538 contentus
1289 1469 1459 1537 erit:
1483 1490 1622 1539 nec
1646 1466 1914 1550 mirum
1934 1520 1955 1556 ,
1986 1469 2215 1566 quum
2242 1471 2395 1569 ipse
2418 1495 2593 1570 prae-

455 1594 710 1678 ceptor
735 1579 907 1648 artis
935 1579 1180 1648 omnia
1211 1599 1437 1672 penes
1464 1601 1694 1652 uuum
1722 1582 2038 1677 reperire
2074 1605 2224 1650 non
2252 1582 2596 1678 potuerit.

455 1689 702 1762 Allatis
733 1689 952 1784 igitur
983 1685 1328 1783 exemplis
1351 1711 1392 1756 a
1419 1689 1696 1778 Catone
1716 1741 1736 1775 ,
1764 1713 1805 1758 a
1830 1689 2173 1761 Gracchis
2184 1693 2239 1779 4,
2269 1717 2309 1762 a
2338 1693 2587 1779 Laelio,

455 1824 498 1869 a
531 1797 900 1895 Scipione,
931 1794 1196 1878 Galba,
1229 1797 1531 1866 Porcina
1553 1850 1570 1884 ,
1604 1801 1858 1868 Crasso
1879 1853 1899 1885 ,
1926 1803 2241 1870 Antonio
2264 1853 2282 1888 ,
2308 1803 2595 1872 ceteris-

453 1931 646 2005 que;
689 1907 860 1976 item
895 1909 1206 2002 sumptis
1241 1894 1399 1976 aliis
1428 1929 1472 1975 a
1502 1909 1772 2003 poetis,
1808 1922 1883 1979 et
1916 1908 2377 1980 historiarum
2413 1912 2592 1982 scri·

453 2013 785 2115 ptoribus
807 2011 860 2101 ⁵,
901 2037 1190 2087 necesse
1227 2017 1393 2102 erit,
1427 2041 1635 2104 eum,
1668 2021 1797 2115 qui
1834 2018 2094 2106 discet,
2120 2019 2213 2091 ab
2252 2019 2593 2094 omnibus

453 2141 708 2226 putare
743 2126 1020 2212 omnia,
1043 2123 1135 2195 ab
1162 2150 1312 2196 uno
1333 2149 1563 2223 pauca
1586 2128 1699 2196 vix
1738 2133 2059 2225 potuisse
2085 2135 2290 2201 sumi.
2312 2133 2589 2220 Quare,

451 2237 510 2308 si
538 2237 754 2308 unius
781 2235 1084 2330 alicujus
1111 2259 1264 2306 esse
1289 2257 1364 2306 se
1385 2234 1740 2307 similem⁶
1766 2240 1936 2310 satis
1967 2239 2291 2330 habebit,
2323 2246 2591 2332 omnia,

453 2374 614 2446 quae
651 2370 906 2419 omnes
927 2358 950 2403 ⁷
1003 2343 1427 2433 habuerint,
1469 2347 1705 2417 solum
1760 2348 2024 2423 habere
2074 2376 2151 2423 se
2196 2378 2405 2451 posse
2450 2354 2607 2439 dis-2

450 2457 626 2530 fidet
664 2486 680 2528 :
721 2481 892 2553 ergo
928 2455 1188 2527 inutile
1244 2471 1350 2527 est
1402 2458 1510 2545 ei,
1539 2461 1665 2555 qui
1706 2458 1981 2532 discere
2020 2461 2218 2549 vult,
2265 2489 2417 2539 non
2462 2490 2593 2564 pu-

453 2584 641 2653 tare,
681 2588 911 2638 unum
949 2588 1160 2663 posse
1197 2561 1498 2637 omnia⁸.
1546 2570 1775 2665 Igitur
1813 2595 2031 2643 nemo
2070 2571 2146 2641 in
2183 2570 2371 2644 hanc
2410 2573 2591 2644 inci-

459 2759 610 2809 rends
649 2757 748 2807 siut
763 2792 780 2819 ,
807 2772 910 2805 non
950 2756 1044 2805 slis
1085 2755 1318 2805 sumenda
1331 2790 1348 2815 ,
1385 2755 1478 2803 elia

455 2838 640 2890 rhetori
667 2838 764 2901 ipsi
785 2835 1125 2903 excogitanda.

533 2919 581 2967 3.
619 2916 806 2965 Licet-et
842 2914 990 2963 enim.
1034 2914 1147 2964 Sch.
1192 2912 1322 2962 licet.
1367 2914 1442 2961 Ita
1461 2948 1476 2973 ,

458 2997 648 3063 inquit,
667 2995 770 3064 jem
808 2992 1061 3042 Gronovio
1099 3002 1298 3041 auctore
1339 3008 1476 3041 com-

458 3076 652 3126 modius
682 3085 731 3122 et
767 3073 964 3121 suevius
1000 3070 1180 3135 legitur
1224 3087 1336 3119 cum
1377 3071 1478 3119 Eri.

458 3160 632 3211 Duisb.
653 3156 838 3206 Canch.

531 3248 582 3294 4.
621 3239 665 3285 Α
685 3236 904 3292 Catone,
932 3249 967 3281 a
996 3232 1264 3297 Gracchis,
1289 3244 1384 3283 etc.
1401 3237 1476 3285 De

458 3319 536 3367 his
555 3314 783 3366 omnibus
801 3310 912 3359 vide
935 3311 1161 3361 indicem.

1565 2758 1773 2823 vulgatis
1809 2778 1913 2809 uon
1945 2772 2043 2819 est,
2072 2762 2162 2810 sed
2194 2762 2279 2811 alii
2316 2763 2413 2813 elio
2450 2762 2591 2813 loco.

1566 2840 1763 2889 Proetuli
1806 2857 1917 2889 eum
1962 2841 2129 2889 locum
2145 2878 2161 2903 ,
2198 2858 2345 2906 quem
2385 2842 2593 2891 libenter

1565 2927 1737 2967 auctor
1775 2932 1825 2969 et
1867 2921 1951 2969 elii
1992 2921 2109 2969 hnic
2154 2923 2437 2986 pronomini
2472 2922 2589 2971 assi-

1566 3009 1733 3060 gunt.
1752 3000 1881 3049 Eu.

1642 3094 1692 3140 7.
1719 3079 1925 3134 Omnia,
1946 3096 2059 3144 quae
2082 3096 2266 3131 omnes.
2286 3079 2463 3130 Omnia
2484 3080 2593 3129 sine

1568 3155 1721 3205 dubio
1744 3158 1965 3222 spurium
1992 3170 2063 3207 est
2094 3174 2109 3210 ε
2146 3160 2233 3211 sed
2269 3160 2385 3225 quia
2422 3176 2593 3209 omues

1566 3233 1681 3283 libri
1740 3236 1923 3285 hahent
1942 3272 1957 3297 ,
2011 3239 2153 3287 uncis
2202 3238 2351 3289 modo
2398 3239 2592 3287 inclusi.

1566 3315 1697 3363 Ean.
1721 3342 1787 3353 —·-
1810 3316 1961 3381 Cujus
1985 3318 2273 3367 auctoritate
2300 3320 2444 3367 nixus
2472 3318 2589 3367 Sch.

529 3398 578 3445 5.
599 3397 662 3443 Ee
686 3390 995 3441 historiarum
1019 3392 1344 3457 scriptoribus.
1365 3392 1478 3442 Sch.

457 3476 604 3523 «eliis
641 3471 702 3521 sb
738 3470 1048 3519 historiarum
1089 3472 1471 3535 scriptoribus».

457 3557 532 3603 Ita
555 3549 812 3615 legendum
845 3549 972 3597 vidit
1001 3549 1248 3608 Gravius,
1283 3550 1473 3615 inquit,

455 3632 657 3696 vestigia
692 3629 805 3677 cod.
843 3629 943 3679 Etr.
973 3639 1210 3692 sequutus
1229 3664 1243 3685 ,
1278 3629 1331 3675 in
1375 3646 1478 3693 quo

456 3722 530 3761 est
559 3734 586 3754 ιι
601 3710 710 3757 aliis
741 3707 1054 3757 historiarum
1091 3707 1412 3770 scriptoribus
1427 3730 1474 3757 ι.

459 3819 527 3831 --
543 3789 750 3853 Vulgata
776 3802 888 3835 vers
923 3796 1012 3835 est.
1039 3787 1342 3834 Enumeratis
1369 3802 1482 3835 ora-

461 3870 665 3927 toribus,
678 3884 705 3914 a
723 3867 880 3931 poetis
897 3880 1093 3929 quoque
1109 3874 1158 3913 et
1175 3864 1486 3913 historiarum

460 3946 779 4013 scriptoribus
801 3942 1018 4006 exempla
1045 3944 1170 3989 sumi
1197 3953 1378 3992 monet.

530 4030 580 4076 6.
598 4024 650 4073 Si
675 4021 820 4071 unius
839 4020 1047 4086 alieecjm
1065 4036 1168 4071 esse
1189 4038 1240 4069 se
1260 4021 1482 4073 similem.

459 4106 681 4169 Plerique
721 4098 836 4149 libri
885 4098 1073 4148 addunt
1121 4116 1200 4159 se,
1249 4100 1386 4165 quod
1431 4102 1484 4151 in

1567 3395 1770 3444 omnino
1808 3396 2005 3447 delevit.
2038 3424 2110 3435 --
2148 3398 2328 3446 Omnia
2366 3398 2593 3463 equidem

1564 3473 1731 3523 abesse
1753 3490 1898 3539 posse
1926 3476 2093 3535 video,
2119 3476 2288 3525 edesse
2313 3494 2417 3525 uon
2450 3492 2595 3543 posse

1566 3552 1701 3602 haud
1728 3554 1869 3601 facile
1896 3554 2015 3601 mihi
2040 3554 2364 3619 persuadebo.

1638 3635 1689 3681 8.
1712 3634 1827 3681 Noa
1844 3644 2025 3697 putare
2037 3667 2053 3689 ‚
2078 3652 2229 3683 uncam
2248 3651 2391 3699 posse
2408 3634 2593 3684 omnia.

1570 3712 1651 3760 Sic
1672 3711 1873 3775 quidam
1893 3712 2011 3761 Pau.
2033 3712 2115 3761 elii
2128 3726 2337 3778 «putare
2352 3733 2379 3762 ι
2402 3714 2597 3763 nmine

1572 3790 1734 3837 omnia
1759 3805 1904 3854 posse
1926 3811 1967 3839 ι.
1994 3792 2187 3841 Gembl.
2212 3804 2261 3841 et
2286 3793 2438 3844 Bruil.
2461 3816 2486 3835 ιι
2504 3810 2595 3858 pu·

1574 3880 1674 3916 tere
1722 3868 1965 3917 neminem
2008 3871 2171 3917 omnia
2216 3887 2361 3936 posse
2382 3894 2407 3913 ι·
2422 3908 2437 3931 ,
2492 3886 2597 3935 quo

1574 3946 1700 3992 sorte
1724 3945 1896 3993 melius
1918 3957 2134 4011 recepto.
2164 3949 2333 3999 Guium.
2380 3976 2445 3987 —-
2478 3952 2595 3997 Non

1566 4036 1761 4087 putare,
1786 4041 1957 4075 eanum.
1978 4027 2059 4075 Sic
2080 4027 2360 4093 interpunxi
2373 4064 2387 4087 ,
2406 4046 2471 4077 ue
2486 4030 2598 4092 quis

1570 4104 1749 4153 haeresi
1764 4139 1780 4166 ,
1815 4117 1872 4154 ut
1908 4104 2201 4170 quibusdam
2236 4108 2434 4159 eccidit.
2468 4110 2599 4157 Eu«.
