2982 4682
785 361 912 428 DE
958 361 1570 449 ῙΝνΕΝΤιΘΝΕ,
1615 365 1883 432 LlnER
1935 365 2009 450 1,
2062 365 2176 446 40.
2406 361 2576 460 357-

421 481 644 576 igitur
667 481 978 552 amentia
1002 495 1112 552 est
1139 484 1214 552 in
1237 507 1490 553 eorum
1520 482 1663 554 fide
1688 507 1890 580 spem
1918 482 2212 569 habere,
2232 509 2546 582 quorum

419 587 719 684 perfidia
752 593 964 661 toties
989 589 1336 688 deceptus
1372 595 1531 663 sis».

517 703 838 796 Utraque
880 699 1405 797 approbatione
1446 703 1804 801 praeterita
1846 705 2201 800 tripartita
2242 702 2547 789 fit‚.hoc

417 822 676 904 pacto:
727 839 761 874 α
800 812 943 880 Aut
979 825 1386 884 metuamus
1439 813 2063 911 Carthaginienses
2106 829 2439 911 oportet,
2487 822 2545 890 si

417 917 817 992 incolumes
847 945 970 993 eos
1007 924 1547 1020 reliquerimus3
1579 939 1704 996 aut
1732 949 1980 996 eorum
2023 923 2281 996 urbem
2309 926 2543 998 dirua-

412 1051 600 1123 mus.
634 1034 736 1100 Ac
781 1047 1102 1108 metuere
1142 1032 1436 1129 quidem
1475 1059 1627 1105 non
1669 1048 1982 1132 oportet.
2014 1038 2259 1105 Restat
2295 1037 2546 1132 igitur,

417 1152 501 1207 ut
535 1137 792 1212 urbem
824 1142 1263 1214 diruamus».

511 1251 658 1321 XL.
693 1253 864 1348 (ιι.)
899 1255 1082 1344 Sunt
1130 1266 1409 1338 autem,
1461 1254 1590 1351 qui
1628 1267 1885 1350 putent
1908 1263 1963 1340 ¹,
1986 1276 2541 1349 nonnumquam

413 1385 626 1458 posse
689 1362 1212 1460 complexione·
1249 1362 1794 1461 supersedet-D,
1847 1387 2076 1460 quum
2132 1360 2205 1432 id
2264 1366 2542 1460 perspi-

411 1495 635 1542 cuum
687 1473 811 1556 sit,
858 1472 1060 1569 quod
1110 1471 1537 1544 conficiatur
1576 1497 1664 1543 ex
1698 1473 2272 1543 ratiocinatione.
2326 1471 2545 1560 Quod

411 1580 472 1652 si
521 1579 682 1666 fiat,
741 1579 1154 1678 bipartitam
1218 1606 1519 1682 quoque
1580 1581 1739 1652 fieri
1796 1584 2501 1680 argumentationem
2522 1635 2542 1666 ,

411 1690 554 1762 hoc
595 1689 818 1762 modo
869 1719 884 1761 ε
927 1719 961 1756 α
1005 1692 1078 1761 Si
1113 1695 1423 1790 peperit,
1463 1695 1667 1790 virgo
1710 1717 1861 1762 non
1908 1707 2055 1777 est3
2093 1693 2376 1789 peperit
2417 1715 2543 1761 au-

409 1815 556 1870 tem
575 1831 630 1870 ».
676 1803 807 1872 Hic
841 1802 1008 1873 satis
1039 1825 1190 1873 esse
1226 1797 1525 1872 dicunt-⁹·
1565 1824 1974 1900 proponere
2014 1814 2087 1871 et
2119 1823 2486 1871 assumere
2520 1825 2537 1867 ε

408 1915 749 2007 quoniam
804 1913 1270 2007 perspicuum
1323 1915 1448 1999 sit,
1506 1911 1703 2008 quod
1781 1908 2289 1994 conficiatur⁴‚
2334 1935 2538 1982 com-

407 2019 758 2118 plexionis
792 2045 946 2092 rem
981 2046 1132 2092 non
1167 2020 1487 2120 indigere
1513 2017 1563 2090 ⁵.
1611 2018 1839 2094 Nobis
1876 2035 2113 2092 autem
2148 2019 2435 2091 videtur
2467 2035 2541 2092 et

1585 2197 1634 2245 3.
1661 2197 1757 2245 Hic
1779 2196 1895 2245 satis
1927 2211 2027 2243 esse
2055 2195 2246 2244 dicunt.
2280 2177 2537 2245 Schiitziue

2090 2273 2381 2322 auctoritate
2418 2275 2535 2324 cod.

475 2200 582 2246 11..
614 2214 658 2246 1.
685 2197 787 2262 ραι·
799 2207 990 2261 putem.
1020 2199 1100 2246 Sic
1122 2197 1423 2246 correximus

401 2276 648 2341 vulgatum
662 2288 868 2341 putant,
894 2277 1030 2341 quod
1052 2287 1127 2324 eat
1154 2287 1324 2324 coutra
1346 2293 1424 2324 ve·
1514 2277 1697 2326 omittit
1741 2298 1768 2319 c
1801 2275 1973 2323 dicunt
1992 2296 2043 2334 ι,

403 2372 504 2403 ram
532 2354 842 2419 latinitatem,
875 2366 936 2430 αξ
966 2355 1116 2404 bodie
1149 2356 1264 2404 aatia
1297 2371 1419 2403 con·

399 2446 521 2497 atat;
562 2452 707 2483 nemo
748 2448 908 2484 tamen
945 2436 1028 2484 hic
1069 2436 1227 2484 haeait.
1266 2434 1420 2484 Oblo-

399 2525 617 2579 quuntur
640 2515 826 2578 aliquid
849 2515 1046 2565 Cortiua
1067 2513 1130 2562 ad
1153 2514 1348 2563 sallust.
1369 2525 1419 2563 et

399 2594 480 2641 atii
525 2594 719 2642 frustra.
757 2593 989 2657 Exempla
1027 2605 1278 2657 poetarum
1315 2592 1416 2641 eola

394 2671 580 2737 liquida
615 2682 732 2720 aunt
753 2686 769 2720 ε
793 2672 879 2720 aed
905 2672 1010 2721 baec
1035 2671 1160 2719 nihil
1183 2673 1364 2721 obeunt
1396 2686 1410 2721 ε

397 2768 508 2799 nam
533 2751 670 2815 quod
690 2751 750 2799 iie
770 2751 936 2811 licuit,
958 2767 1060 2800 uon
1075 2750 1207 2799 idem
1233 2752 1338 2800 aliia
1361 2752 1414 2799 iu

394 2847 632 2880 sermone.
657 2832 784 2879 Ean.

465 2925 496 2956 α
505 2944 516 2957 .
537 2912 920 2974 Nonnumquam
930 2924 1073 2973 posse
1085 2908 1417 2974 complexione

393 2988 706 3052 supersederi.
727 2988 891 3051 Vulgo
919 3009 945 3030 α
965 3005 1016 3036 n.
1043 3004 1095 3053 p.
1120 3004 1164 3037 c.
1195 3000 1244 3037 et
1267 3003 1414 3052 opor-

394 3078 494 3115 tere
532 3066 836 3131 supersederi
867 3088 917 3117 a.
949 3070 1103 3117 Recte
1151 3066 1415 3115 Lambinus

395 3145 544 3195 deleri
565 3146 764 3195 volebat
789 3168 816 3191 σ
832 3156 882 3193 et
902 3156 1126 3209 oportere
1147 3166 1170 3189 ι
1187 3174 1208 3209 ,
1235 3146 1315 3194 cui
1337 3160 1414 3193 aa·

392 3228 596 3275 sentitur
637 3226 769 3275 ond.
815 3236 864 3274 et
907 3226 1086 3274 abeunt
1139 3239 1165 3272 a
1219 3224 1414 3273 duobue

391 3306 584 3368 scriptia
605 3306 764 3367 huius.
801 3307 980 3353 Firmat
1011 3304 1226 3365 subiecta
1249 3304 1374 3351 ratio
1395 3318 1410 3351 :

389 3406 414 3426 «ι
433 3385 514 3432 hic
547 3385 662 3433 aatia
700 3402 802 3433 esee
837 3385 1041 3445 dicunt,
1073 3395 1168 3433 etc.
1189 3404 1215 3425 ι·
1243 3382 1294 3432 in
1317 3398 1414 3447 qna

390 3462 578 3511 nullum
611 3472 946 3527 argumentum
979 3462 1276 3511 necessitatis
1306 3473 1414 3513 eat:

390 3552 442 3589 et
463 3542 668 3589 omuino
689 3544 738 3590 in
769 3542 922 3591 verbo
947 3540 1252 3606 supersederi
1277 3542 1410 3589 nulla

389 3622 648 3669 necessitas
679 3620 884 3684 intelligi
923 3632 1112 3685 poten,
1140 3632 1196 3669 ut
1233 3636 1324 3669 nec
1357 3622 1410 3668 in

389 3698 566 3756 altero,
595 3720 619 3741 ιι
643 3700 998 3764 complexionis
1025 3718 1123 3749 rem
1149 3717 1249 3749 non
1279 3701 1410 3749 indi-

323 3812 342 3829 .
388 3794 499 3841 gere
511 3799 553 3825 a.
573 3780 742 3842 ltaque
761 3778 1040 3829 delevimus.
1059 3781 1110 3828 Si
1134 3780 1243 3844 quie
1263 3780 1410 3829 varie-

385 3868 533 3905 tatem
563 3857 784 3905 lectionis
816 3858 866 3905 in
896 3857 950 3907 h.
985 3874 1034 3908 v.
1067 3858 1234 3907 videre
1257 3858 1372 3907 velit
1392 3894 1406 3917 ,

383 3935 525 3985 adeat
557 3936 818 3999 marginem
851 3936 928 3985 etl.
960 3938 1129 3987 Lamb.
1166 3938 1406 3987 secundat.

383 4017 478 4066 Sed
509 4032 612 4065 uon
637 4026 710 4064 eet
741 4017 878 4066 tanti.
901 4018 1034 4067 Ean.
1059 4044 1124 4058 -·-
1143 4020 1302 4082 Quem
1329 4035 1406 4066 re-

380 4098 624 4148 eeutioree
643 4095 836 4163 sequuti
857 4108 989 4147 aunt.

1510 2359 1655 2407 Voss.
1681 2372 1725 2404 c.
1745 2355 1901 2405 schol.
1929 2372 1977 2411 a.
2004 2372 2069 2403 m.
2094 2372 2144 2419 p.
2166 2364 2215 2401 et
2238 2353 2374 2403 Leid-
2402 2371 2447 2404 x.
2478 2356 2536 2403 In

1511 2439 1657 2485 Voss.
1695 2452 1740 2498 1,
1769 2451 1797 2483 a
1816 2470 1831 2495 ,
1862 2433 2001 2483 Leid.
2038 2434 2066 2481 3
2084 2468 2100 2493 ‚
2129 2431 2332 2498 ponitur
2367 2432 2536 2481 dieunt

1506 2527 1619 2581 poet
1635 2531 1891 2575 assumere,
1917 2513 2049 2562 unde
2078 2513 2191 2562 Seh.
2211 2510 2409 2575 collegit
2434 2526 2535 2559 eaae

1504 2610 1531 2641 a
1561 2595 1827 2658 glossatore
1857 2593 2120 2659 adjectum.
2154 2592 2343 2639 Erneat.
2371 2600 2531 2637 autem

1504 2674 1625 2722 velit.
1648 2675 1827 2723 cervari
1843 2706 1858 2731 ,
1883 2672 1999 2736 quia
2024 2672 2259 2723 leniorem
2279 2670 2398 2717 facit
2422 2684 2529 2715 ora-

1501 2753 1703 2801 tionem.

1574 2840 1622 2889 4.
1638 2828 2240 2895 Quoniam...conficiatur.
2254 2828 2373 2875 Haec
2384 2823 2532 2874 verba

1500 2909 1753 2959 habuerim
1765 2924 1859 2972 pro
1868 2905 2197 2973 aulici-vacuis,
2210 2906 2429 2971 repetitis
2441 2904 2534 2952 eci-

1502 2990 1617 3037 licet
1628 3003 1692 3037 ex
1705 2986 1943 3051 superiori
1956 2984 2195 3045 clauaula3
2210 2984 2349 3049 quod
2366 2986 2529 3049 ipsum

1502 3067 1663 3115 adbuc
1715 3067 1866 3129 magia
1922 3065 2157 3134 detegunt
2207 3063 2322 3112 libri
2374 3063 2531 3112 nostri

1502 3147 1647 3204 MSS,
1674 3146 1725 3193 iu
1744 3146 1925 3210 quibua
1953 3162 1967 3195 ε
1995 3167 2022 3188 α
2047 3142 2339 3193 conficiatur
2364 3159 2427 3191 ex
2454 3156 2533 3189 ra-

1502 3230 1653 3285 tione,
1667 3228 1803 3292 quod
1813 3228 1855 3276 ei
1864 3226 1968 3287 fiat,
1980 3224 2337 3290 complexionis
2352 3244 2397 3285 n,
2409 3237 2521 3286 quse

1500 3308 1667 3357 omnia
1692 3316 2033 3372 praeceaaeraut
2048 3340 2067 3367 ,
2089 3315 2144 3352 ut
2170 3304 2291 3352 dixi.
2322 3303 2491 3350 Gaur.

1578 3388 1627 3435 5.
1660 3384 2017 3449 Compleoeiomk
2041 3399 2141 3431 rem
2160 3398 2261 3430 non
2292 3378 2528 3445 ‘'rudiger-e.

1504 3468 1623 3514 Rem
1650 3465 1784 3514 abeat
1810 3481 1837 3513 a
1862 3462 2151 3529 quibuadam
2175 3462 2318 3519 Mss,
2348 3458 2435 3507 aed
2454 3458 2527 3506 -ita

1497 3543 1622 3592 nibil
1645 3554 1769 3593 eeeet
1808 3560 1911 3607 quo
1936 3560 2033 3591 non
2070 3541 2293 3609 indigere
2320 3539 2525 3587 refoue-

1498 3634 1595 3673 tur.
1622 3624 1729 3685 Ego
1764 3632 1925 3671 totum
1950 3623 2047 3671 hoc
2076 3636 2091 3669 τ
2120 3643 2145 3662 u
2168 3615 2525 3683 complexiouie

1497 3720 1601 3751 rem
1626 3716 1729 3751 nou
1756 3702 1974 3765 indigere
2000 3723 2025 3743 a·
2047 3699 2267 3763 aput-inm
2293 3694 2467 3757 judico
2488 3710 2517 3741 a

1498 3780 1655 3831 tribua
1682 3782 1803 3830 Mss
1828 3779 1961 3830 Oud.
1990 3790 2039 3829 et
2056 3776 2193 3843 quod
2210 3775 2325 3824 libri
2346 3788 2527 3838 praece-

1499 3863 1727 3912 dentibus
1756 3864 1943 3913 addunt
1974 3882 1995 3903 ι
2016 3876 2079 3908 ex
2106 3856 2477 3923 ratiocinatione
2502 3875 2524 3896 ι

1496 3930 1547 3989 iu
1570 3943 1786 4004 ejusdem
1820 3958 1841 3989 ι
1856 3978 1871 4001 ,
1893 3952 1967 3989 eet
1988 3941 2043 3987 in
2066 3936 2281 3999 margine
2302 3950 2349 3981 a.
2379 3949 2445 3981 m.
2478 3950 2519 3981 a.

1496 4021 1627 4069 Ean.
1649 4048 1715 4058 —
1735 4023 1857 4084 Quae
1886 4019 2049 4084 apuria
2067 4013 2308 4077 judicavit
2335 4012 2521 4063 Ernest-

1499 4114 1553 4149 ea
1577 4096 1831 4151 Schiitaiua
1858 4098 2061 4147 omniuo
2089 4092 2284 4146 delevit.
