2982 4682
523 416 659 487 302
1210 416 1307 482 M.
1360 417 1436 482 T.
1491 415 1976 483 CICERONIS

521 555 629 611 est
653 564 767 625 ea,
796 562 958 635 quae
986 560 1077 607 ex
1109 538 1517 634 scriptionis
1547 562 1809 633 genere
1837 536 2176 606 nascitur.
2205 536 2374 631 Ejus
2403 551 2642 609 autem

518 675 816 748 genera,
865 672 1027 744 quae
1053 662 1227 718 sunt
1258 660 1624 743 separata²
1655 672 1696 717 a
1735 645 2406 735 constitutionibuS,
2435 650 2646 745 quin·

518 786 664 857 que
706 773 897 830 sunt.
939 760 1116 829 Nam
1157 781 1387 853 quum
1408 754 1439 800 ³
1470 755 1692 828 verba
1727 758 1882 853 ipsa
1910 754 2248 827 videntur
2275 780 2444 827 cum
2479 781 2642 829 sen-

520 874 743 942 tentia
782 869 1149 966 scriptoris
1200 866 1580 955 dissidere,
1640 882 1794 937 tum
1853 871 2043 937 inter
2087 892 2164 938 se
2215 866 2374 938 duae
2407 868 2639 965 legeS,

518 996 643 1051 aut
694 980 935 1078 plures
976 979 1426 1075 discrepare,
1481 993 1640 1048 tum
1700 978 1817 1066 id,
1856 976 2057 1075 quod
2099 980 2444 1075 scriptum
2501 990 2638 1065 est,

518 1090 699 1161 duas
754 1103 877 1159 aut
925 1089 1171 1185 plures
1212 1112 1327 1159 res
1370 1087 1859 1185 significare43
1913 1102 2066 1159 tum
2114 1112 2202 1158 ex
2251 1112 2340 1158 eo
2361 1142 2381 1173 ,
2437 1086 2639 1185 quod

518 1202 865 1297 scriptum
904 1212 1049 1283 est,
1102 1197 1295 1268 aliud
1324 1222 1660 1295 quoque,
1696 1198 1898 1295 quod
1929 1222 2078 1269 non
2113 1199 2460 1296 scriptum
2495 1214 2637 1285 est,

520 1310 864 1394 inveniri3
901 1323 1059 1378 tum
1092 1309 1198 1378 vis
1244 1307 1495 1396 verbi,
1529 1312 1733 1405 quasi
1768 1313 1846 1377 in
1885 1307 2250 1378 definitiva
2289 1311 2640 1379 coustitu-

519 1422 716 1493 tione
737 1475 756 1504 ,
798 1422 873 1487 in
892 1406 1053 1515 'quo
1082 1419 1315 1515 posita
1334 1420 1424 1489 sit
1442 1474 1461 1505 ,
1484 1422 1734 1516 quaeri.
1764 1422 2004 1510 Quare
2031 1420 2346 1515 primum
2375 1443 2634 1515 geum,

518 1531 611 1602 de
648 1532 917 1626 scripto
952 1544 1027 1599 et
1062 1531 1455 1617 sententia;
1480 1528 1878 1601 secundum
1901 1582 1922 1613 ,
1959 1554 2045 1599 ex
2067 1531 2440 1601 contrariis
2469 1530 2637 1626 legi-

516 1639 657 1711 bus
680 1668 699 1727 ;
726 1640 1015 1710 tertium
1033 1692 1052 1722 ,
1082 1638 1541 1736 ambiguum3
1573 1655 1910 1737 quartum
1929 1694 1949 1727 ,
1983 1640 2552 1710 ratiocinativum
2575 1628 2636 1727 ⁵3

518 1753 856 1846 quintum
876 1804 897 1833 ,
940 1748 1397 1820 definitivum
1433 1753 1910 1821 nominamus.
1939 1751 2148 1819 Ratio
2181 1763 2420 1819 autem
2451 1764 2561 1819 est
2575 1743 2632 1833 ⁶,

516 1884 747 1957 quum
788 1864 1025 1931 omnis
1057 1864 1361 1957 quaestio
1392 1886 1546 1932 non
1578 1862 1650 1931 in
1686 1862 2105 1958 scriptione,
2137 1858 2260 1930 sed
2288 1860 2366 1928 in
2401 1858 2640 1955 aliqua

513 1972 1141 2067 argumentatione
1172 1974 1525 2043 consistit.

612 2082 827 2176 (1111.)
841 2085 931 2151 At
955 2095 1109 2151 tum
1129 2092 1156 2135 ⁷
1184 2083 1638 2153 considerato
1659 2106 1922 2179 genere
1953 2106 2180 2153 causae
2199 2136 2219 2167 ,
2255 2096 2330 2151 et
2355 2080 2640 2177 cognita

514 2193 1029 2261 constitutione
1053 2246 1072 2277 ,
1100 2217 1329 2287 quum
1349 2247 1368 2278 ,
1392 2192 1791 2290 simplexne
1813 2246 1832 2277 ,
1867 2216 1958 2261 an
1977 2191 2364 2285 conjuncta
2393 2192 2638 2276 sit,in-

520 2301 877 2373 tellexeris
896 2357 915 2388 ,
936 2317 1009 2373 et
1024 2304 1271 2400 scripti
1292 2360 1311 2390 ,
1328 2327 1422 2372 an
1439 2305 1740 2374 rationis
1765 2300 2023 2373 habeat
2047 2301 2604 2374 controversiam
2618 2351 2638 2386 ‚

515 2412 813 2500 videris;
856 2412 1196 2508 deinceps
1235 2413 1371 2483 erit
1402 2411 1832 2498 videndum,
1871 2436 2031 2508 quae
2080 2411 2418 2507 quaestio,
2477 2433 2636 2506 quae

514 2527 737 2608 ratio,
779 2548 941 2618 quae
985 2523 1369 2617 judicatiO,
1422 2523 1624 2618 quod
1669 2523 2198 2594 firmamentum
2239 2545 2464 2592 causae
2503 2522 2634 2590 sit:

513 2657 675 2730 quae
738 2637 983 2703 omnia
1030 2659 1070 2703 a
1130 2635 1652 2704 constitutione
1713 2630 2264 2730 proficiscantur
2327 2643 2634 2727 oportet.

512 2737 873 2832 Quaestio⁸
902 2757 1011 2817 est
1037 2769 1119 2814 ea
1140 2797 1161 2831 ,
1204 2769 1367 2840 quae
1390 2769 1478 2816 ex
1499 2743 1957 2816 conflictione
1992 2768 2366 2815 causarum
2402 2743 2633 2839 gigni·

510 2867 631 2922 tur
669 2858 1158 2926 controversia
1178 2911 1197 2942 ,
1239 2855 1379 2927 hoc
1408 2853 1681 2927 modos>
1710 2882 1726 2923 z
1761 2885 1796 2919 α
1827 2859 1994 2926 Nou
2027 2855 2191 2948 jure
2219 2851 2446 2924 fecisti
2469 2882 2638 2919 ».—-

580 3047 630 3080 2.
674 3034 797 3079 Sum
838 3045 1085 3098 separata.
1127 3033 1383 3084 Schiitzius
1418 3053 1531 3084 cum
1619 3034 1689 3081 sic
1716 3049 1862 3098 quum
1890 3032 2032 3096 plane
2057 3031 2276 3095 ineptum
2307 3030 2450 3077 foret.
2475 3026 2635 3076 Credo

509 3110 747 3157 Lambino
780 3125 1011 3176 separata
1053 3126 1200 3174 sune,
1232 3128 1287 3164 ut
1326 3115 1532 3164 concin-
1617 3115 1926 3164 scribendum
1953 3131 2057 3164 esse
2079 3128 2138 3162 ac
2161 3131 2312 3179 quum
2327 3149 2342 3170 ‚
2367 3123 2416 3160 ot
2429 3113 2636 3159 alterum

510 3188 635 3236 nius.
658 3188 754 3236 Sed
778 3191 968 3254 vulgata
996 3209 1107 3240 vera
1124 3204 1212 3241 est.
1619 3211 1768 3259 quum
1787 3195 2044 3242 delendum
2061 3229 2076 3252 ,
2089 3193 2226 3258 qnod
2245 3193 2534 3240 inculcatum
2545 3199 2634 3246 est,

582 3267 632 3314 3.
660 3268 793 3314 Nam
818 3286 983 3331 quum.
1022 3269 1217 3319 Sehiitz.
1254 3289 1367 3321 cum
1404 3275 1526 3323 Lau.
1618 3276 2154 3339 quumeqaumfactum
2167 3267 2638 3320 essetmm.En1t.-—-·

508 3361 624 3393 nam
654 3357 751 3393 cum
779 3363 807 3392 e
840 3347 955 3396 cod.
994 3349 1165 3397 Duisb.
1196 3351 1275 3398 ed.
1302 3352 1524 3401 Lambin.
1617 3355 1815 3404 Schiitz.
1833 3355 1968 3419 qnod
1994 3353 2226 3403 suadebat
2247 3353 2442 3402 Ernesti
2455 3349 2634 3408 edidit,

507 3437 558 3474 et
586 3425 649 3473 al.
1617 3436 1770 3483 fretus
1799 3435 1910 3483 cod.
1935 3435 2111 3483 Duisb.

580 3513 629 3560 t..
661 3504 966 3570 significare.
994 3505 1190 3556 Sehiitz.
1226 3525 1336 3558 cum
1354 3510 1527 3560 Lami).
1689 3515 1738 3561 8.
1766 3515 1994 3578 Quaestio.
2011 3513 2155 3563 Cous.
2181 3511 2391 3574 Quintil·
2415 3512 2518 3568 ΠΙ,
2555 3524 2637 3565 ῐῐ,

507 3583 646 3631 addit
682 3585 905 3645 videant,
948 3597 1004 3634 ut
1040 3586 1251 3636 lucidior
1289 3587 1377 3639 flat
1409 3606 1529 3639 con·
1617 3605 1770 3642 nostr.
1797 3597 1848 3640 in
1871 3593 2121 3658 partitioni.

506 3665 731 3712 structio.
1687 3689 1740 3735 9.
1769 3673 1872 3720 Hoc
1893 3673 2039 3720 modo
2062 3690 2080 3717 :
2102 3673 2213 3720 Non
2225 3670 2344 3737 sum
2354 3667 2548 3734 steini.
2565 3691 2636 3704 --

575 3744 1051 3794 sstaeiocehaeivum.
1064 3748 1249 3795 laudat
1264 3749 1312 3798 h.
1325 3749 1357 3796 l.
1374 3751 1529 3812 Quin·
1615 3749 1861 3814 Jeereseei.
1887 3754 2006 3799 Hac
2031 3751 2177 3798 verba
2201 3747 2458 3800 Schiitzius
2477 3758 2635 3796 tranu-

502 3825 573 3872 til.
594 3829 715 3874 lust.
734 3829 872 3882 Orat.
890 3829 953 3888 V,
980 3844 1069 3886 io,
1090 3829 1141 3876 6.
1170 3829 1286 3877 Seu.
1614 3831 1780 3893 posuit
1804 3841 1920 3894 post
1955 3829 2036 3876 issa
2057 3845 2070 3876 :
2091 3851 2117 3870 ι
2131 3829 2182 3875 in
2221 3842 2316 3891 qun
2343 3824 2633 3873 constitutio

569 3907 622 3953 6.
650 3907 798 3953 Ratio
827 3919 991 3955 autem
1010 3921 1099 3957 ese.
1123 3907 1379 3956 Schiitziue
1408 3925 1520 3958 cum
1615 3918 1856 3967 constat»,
1871 3907 2128 3972 quiaillud
2146 3905 2420 3970 exemplum
2439 3903 2500 3951 ad
2521 3919 2636 3950 con·

498 3985 661 4032 Lamb.
688 3985 813 4033 ratio
837 3999 907 4034 est
924 4000 1087 4034 autem
1100 4023 1115 4046 ,
1134 3999 1191 4034 ut
1208 3989 1516 4037 concinnius.
1591 3985 1838 4052 flictionis
1863 4001 2120 4033 carnarum
2144 3983 2477 4032 definitionem
2493 4016 2510 4040 ‚
2529 3995 2630 4027 non

564 4079 610 4120 7.
636 4068 697 4110 Ae
722 4077 823 4112 tum
848 4103 861 4114 .
879 4103 891 4113 .
906 4101 919 4112 .
936 4101 972 4112 ..
1012 4084 1185 4130 quum,
1228 4067 1517 4129 simpfexne.
1608 4064 1669 4112 ad
1694 4065 1972 4130 qua-seiont}
1995 4065 2236 4132 pertinere
2261 4061 2543 4120 arbitratur,
2569 4073 2632 4106 et

486 4141 711 4189 Oudend.
742 4147 1011 4216 transponit
1038 4157 1139 4192 mm
1160 4158 1210 4192 et
1228 4163 1375 4209 queem
1392 4165 1411 4200 ‚-
1432 4149 1518 4195 sed
1607 4143 1666 4189 iis
1687 4159 1796 4207 quae
1831 4145 2052 4207 proxime
2079 4151 2368 4205 sequuntur.
