2982 4682
499 317 647 404 446
1178 320 1279 386 Μ.
1332 321 1409 386 Τ.
1460 321 1944 392 CICERONIS

498 457 640 528 est,
680 444 983 537 siquam
1028 441 1351 537 plurimis
1370 439 2026 512 -constitutionibus
2053 439 2512 540 aggreditur3
2546 447 2614 517 id

496 549 927 649 improbare.

590 665 751 757 Ipsa
786 683 873 729 au
885 673 1025 730 tem
1057 661 1537 757 comparatio,
1589 673 1915 756 separata
1954 685 1996 730 a
2035 663 2290 732 ceteris
2329 668 2610 759 generi-

494 771 633 842 bus
662 770 1309 840 controversiarum
1334 821 1353 855 ‚
1404 771 1506 840 sic
1542 793 1632 840 ex
1677 795 1808 840 sua
1857 771 1967 840 vi⁴
2015 770 2614 860 considerabitur,

492 883 551 952 si
588 879 803 966 illud,
840 877 1037 976 quod
1068 877 1636 977 comparabitur,
1673 895 1800 950 aut
1831 905 1982 951 non
2017 880 2400 953 honestum
2424 935 2444 971 ,
2491 898 2615 954 aut

490 1015 641 1062 non
682 989 854 1060 utile
872 1044 893 1076 ,
916 1004 1041 1060 aut
1070 1013 1221 1060 non
1249 991 1734 1062 necessarium
1762 987 2016 1076 fuisse,
2045 1005 2171 1062 aut
2198 1015 2347 1062 non
2373 1007 2608 1064 tanto-

492 1124 665 1198 pere
712 1099 891 1171 utile
913 1153 933 1187 ,
982 1114 1108 1170 aut
1156 1124 1305 1170 non
1364 1113 1743 1196 tantopere
1807 1099 2191 1170 honestum
2214 1125 2250 1186 ‚·
2289 1115 2418 1172 aut
2459 1127 2608 1174 non

482 1225 865 1308 tantopere
896 1209 1378 1280 necessarium
1396 1198 1427 1252 ⁵
1464 1209 2093 1280 demonstrabitur.

580 1318 860 1391 Deinde
914 1332 1207 1415 oportet
1253 1332 1738 1390 accusatorem
1787 1317 2002 1406 illud,
2049 1316 2248 1416 quod
2301 1319 2454 1416 ipse
2495 1345 2602 1391 ar·

482 1443 654 1528 guat
666 1425 727 1516 ⁶,
766 1427 858 1498 ab
896 1451 1015 1515 eo,
1060 1425 1261 1523 quod
1316 1426 1656 1499 defensor
1695 1442 2093 1526 comparat,
2137 1446 2484 1525 separare.
2523 1429 2608 1502 Id

482 1554 719 1610 autem
764 1535 1004 1626 faciet,
1054 1540 1115 1608 si
1172 1535 1729 1624 demonstrabit,
1781 1562 1934 1608 non
1985 1541 2080 1609 ita
2131 1537 2290 1610 fieri
2333 1539 2602 1624 solere,

460 1657 723 1746 -neque
780 1661 1152 1745 oportere,
1210 1671 1451 1744 neque
1520 1672 1672 1719 esse
1733 1649 2128 1734 rationem,
2176 1675 2402 1748 quare
2463 1649 2605 1724 hoc

478 1772 782 1858 propter
814 1758 956 1830 hoc
998 1756 1123 1830 fiat
1138 1768 1196 1845 7,
1234 1774 1347 1844 ut,
1403 1773 1705 1856 propter
1741 1757 2040 1830 salutem
2089 1760 2437 1847 militum,
2475 1785 2602 1846 ea,

479 1893 641 1967 quae
674 1869 918 1940 salutis
946 1893 1157 1941 causa
1184 1883 1595 1965 comparata
1622 1884 1822 1955 sunt,
1851 1866 2181 1940 hostibus
2207 1869 2602 1941 tradantur.

474 1983 727 2050 Postea
748 2001 1162 2076 comparare
1186 1975 1556 2074 oportebit
1575 2001 1740 2046 cum
1769 1975 2127 2049 beneficio
2145 1977 2601 2062 maleficium,

474 2105 549 2160 et
590 2089 892 2158 omnino
927 2087 1043 2174 id,
1074 2086 1274 2184 quod
1318 2088 1666 2184 arguitur,
1713 2110 1882 2156 cum
1921 2111 2052 2174 eo,
2099 2087 2300 2184 quod
2337 2086 2602 2160 factum

471 2197 565 2271 ab
610 2196 988 2271 defensore
1025 2191 1433 2285 laudatur⁸‚
1466 2211 1592 2270 aut
1619 2196 2022 2268 faciendum
2061 2197 2278 2270 fuisse
2303 2197 2602 2270 demon·
2697 2294 2714 2304 ο

470 2305 849 2397 strabitur,
894 2306 1367 2395 contendere,
1419 2321 1496 2379 et
1545 2307 1685 2379 hoc
1734 2307 2230 2395 extenuando,
2271 2307 2600 2381 maleficii

466 2419 1041 2517 magnitudinem
1069 2417 1280 2489 simul
1310 2417 1690 2515 adaugere.
1732 2416 1814 2489 Id
1861 2415 2018 2489 fieri
2057 2421 2352 2517 poterit,
2392 2421 2450 2490 si
2476 2417 2601 2490 de·

465 2526 1021 2615 monstrabitur,
1064 2528 1473 2615 honestiuS,
1523 2528 1808 2637 utilius,
1849 2528 2075 2626 magis
2117 2529 2600 2601 necessarium

532 2776 581 2825 3.
626 2774 926 2841 Aggredicm·
969 2774 1026 2821 id
1064 2772 1353 2838 improbare.
1405 2772 1485 2822 Sic
1576 2772 1692 2821 dnm
1719 2782 1791 2820 est
1813 2787 1827 2821 ε
1853 2788 1964 2820 mm
1991 2783 2104 2820 ant·
2125 2774 2224 2834 jam
2259 2782 2331 2820 est
2365 2772 2477 2821 loco
2501 2788 2562 2821 eo
2579 2809 2598 2833 ‚

462 2871 557 2921 pro
574 2856 771 2920 vulgato
786 2854 1109 2922 aggrediatur
1120 2864 1208 2902 aut
1225 2852 1483 2919 aggredie-
1573 2850 1662 2899 ubi
1699 2852 1875 2901 Cicero
1913 2851 2036 2901 solet
2074 2867 2294 2919 ponere:
2324 2873 2348 2895 ι
2373 2863 2455 2901 ant
2491 2868 2594 2901 non

462 2946 555 2990 tter,
580 2934 718 2999 quod
744 2944 817 2981 est
846 2934 901 2981 in
932 2932 1045 2981 edd.
1074 2949 1149 2997 pr.
1186 2932 1427 2983 edidimus
1454 2948 1481 2981 e
1569 2930 1888 2979 necessarium
1905 2931 2076 2991 fuisse,
2097 2940 2206 2990 ant,
2233 2942 2327 2980 etc.
2343 2952 2367 2973 a·
2387 2934 2522 2981 Eur.
2523 2957 2595 2968 —

458 3014 551 3061 MS
587 3012 719 3061 Cau.
753 3012 888 3075 quod
930 3022 979 3061 et
1014 3013 1323 3075 grammatica
1354 3012 1479 3061 ratio
1567 3010 1730 3073 Quem
1760 3008 1936 3073 probat
1961 3007 2157 3072 Schfitz.

458 3090 677 3155 postulat
694 3104 711 3139 ε
738 3112 765 3131 κ
786 3090 925 3138 facile
944 3100 1047 3150 est,
1075 3089 1117 3139 oi
1138 3091 1479 3155 aggreditur-z
1639 3088 1688 3137 6.
1705 3090 1924 3151 Arguat.
1941 3084 2141 3137 Sehfitz.
2162 3084 2246 3133 dat
2265 3085 2458 3150 arguit,
2475 3087 2593 3151 quin

458 3181 633 3219 cetero
682 3170 919 3219 lectiones
974 3171 1229 3234 requirunt
1284 3192 1310 3212 ‹-
1341 3170 1481 3217 faciie
1567 3154 1889 3215 indicativum
1911 3168 2072 3231 poscit
2094 3164 2403 3214 consecutio.

456 3249 549 3299 erit
570 3271 614 3296 a».
646 3251 779 3299 Ean.
809 3274 881 3287 -·
910 3245 1110 3298 Schiitz.
1140 3247 1277 3297 dedit
1300 3249 1481 3297 «facile
1645 3264 1694 3311 7.
1711 3250 1884 3311 ‘Quare
1921 3246 2013 3295 Ιιοσ
2046 3260 2251 3312 propter
2284 3247 2375 3295 Ιιοσ
2394 3244 2580 3313 fiat...

454 3326 938 3391 cuitu-aggredietur
956 3348 981 3368 ι·
994 3360 1011 3387 ,
1050 3342 1163 3373 cum
1199 3326 1347 3375 codd.
1370 3326 1477 3393 ple·
1571 3327 1851 3379 eradantur.
1868 3331 2088 3377 Fortasse
2103 3326 2360 3393 legendum
2375 3341 2390 3374 ε
2407 3340 2592 3389 «quare

453 3411 619 3471 risque
657 3406 791 3455 Oud.
824 3406 937 3469 quia
982 3405 1033 3453 iu
1076 3405 1152 3454 his
1188 3404 1475 3471 plerumque
1561 3406 1661 3457 hoc
1680 3418 1886 3471 propter
1905 3407 2004 3455 hoe
2025 3406 2137 3466 flat3
2165 3416 2250 3465 ut,
2278 3420 2366 3453 cur
2385 3413 2594 3469 propter

449 3487 617 3537 futuro
647 3498 865 3550 tempore
891 3484 1045 3533 utitur
1068 3486 1261 3533 Cicero.
1574 3486 1909 3535 ...tradantur
1931 3507 1973 3535 a.
2003 3486 2121 3535 Scu-

525 3575 574 3624 4.
600 3568 685 3615 132·
705 3582 799 3613 sua
819 3564 895 3615 vi.
918 3568 991 3615 Ex
1016 3566 1116 3613 suis
1138 3564 1276 3613 locis.
1294 3565 1471 3613 Wrrz.
1636 3567 1684 3615 8.
1717 3565 2031 3631 Arguitur...
2056 3564 2363 3613 laudatur...
2389 3562 2593 3611 demon-

522 3648 569 3695 5.
608 3648 877 3708 Tancopere
908 3644 1237 3691 necessarium
1270 3642 1472 3691 demon·
1561 3643 1809 3693 serabitur.
1835 3640 2094 3693 Schiitzius
2128 3643 2210 3690 dat
2233 3663 2258 3685 ιι
2275 3641 2522 3705 arguitur.
2538 3676 2549 3686 .
2565 3674 2580 3687 .

447 3724 695 3775 sti-abitur.
727 3727 843 3773 Vox
882 3724 1053 3771 ultima
1090 3722 1229 3771 abest
1272 3738 1301 3769 ι
1348 3723 1473 3771 Mss
1565 3722 2240 3772 laudaut-...demonstratur
2260 3742 2304 3768 a.
2333 3718 2594 3769 Laudatur

448 3804 692 3869 plerisque
710 3838 726 3863 ,
762 3804 907 3852 etiam
933 3801 1132 3851 uostris.
1172 3800 1269 3851 sed
1304 3816 1357 3848 ea
1388 3800 1474 3849 ab·
1563 3802 1752 3851 Ernesti
1781 3818 1806 3849 e
1837 3801 1953 3849 cod.
1971 3802 2138 3851 Guelf.
2159 3818 2188 3849 2
2213 3800 2421 3865 recepit,
2445 3808 2496 3847 et
2513 3800 2586 3847 fa-

452 3900 554 3932 esse
592 3900 693 3931 non
734 3892 897 3946 potest
931 3895 945 3929 :
981 3880 1102 3927 nihil
1146 3880 1274 3927 enim
1318 3890 1470 3937 esset,
1564 3892 1677 3929 vent
1697 3880 1811 3929 huic
1834 3879 2034 3928 lectioni
2059 3880 2184 3929 MSS
2205 3878 2354 3927 codd.
2371 3878 2520 3927 Voss.
2541 3892 2588 3925 c.

443 3962 575 4009 unde
603 3961 877 4011 infinitivus
902 3960 1155 4025 penderet.
1176 3958 1273 4006 Sed
1296 3956 1469 4021 vulga·
1559 3959 1712 4009 schol.
1734 3961 1880 4009 Voss.
1915 3974 1961 4019 x,
1999 3976 2028 4007 a
2045 3992 2062 4017 ,
2105 3960 2190 4021 qui
2227 3967 2356 4007 recte
2385 3970 2589 4019 quoque

448 4048 547 4085 tum
556 4040 717 4103 sitisse
740 4050 852 4088 aute
872 4037 1285 4086 demonstrabitur
1305 4038 1468 4085 delen-
1557 4054 1674 4087 mox
1698 4038 1878 4087 habent
1904 4038 2278 4087 dernenstramr.
2309 4036 2425 4083 Sca.
