2982 4682
371 324 391 360 Χ*
436 324 526 410 64
1113 325 1210 392 Μ.
1265 325 1342 392 Τ.
1401 323 1899 393 CICERONIS

435 446 975 530 minisceretur3
1023 457 1096 512 et
1131 458 1515 542 praeterea,
1552 443 1609 512 si
1640 446 1858 513 ceteri
1883 439 2035 512 falsi
2075 443 2353 514 soleant
2382 469 2575 534 esse,

433 550 1110 650 argumentabimur
1155 553 1353 624 hunc
1405 577 1561 624 esse
1602 576 1879 622 verum.
1933 556 2202 625 Contra
2242 579 2577 628 rumores

435 665 756 736 dicemus
785 665 1099 762 primum
1123 717 1144 752 ‚
1175 664 1230 732 si
1261 661 1687 733 docebimus
1714 661 1982 734 multos
2019 686 2173 734 esse
2208 662 2425 736 falsos
2456 689 2579 736 ru·-

437 799 710 860 mores‚
771 789 845 845 et
889 772 1238 870 exemplis
1297 787 1626 858 utemur,
1682 771 1775 844 de
1834 769 2105 869 quibus
2161 769 2333 843 falsa
2388 771 2577 844 fama

437 885 702 972 fuerit3
761 898 834 954 et
869 898 992 954 aut
1037 883 1370 954 inimicos
1411 897 1736 968 nostros,
1778 897 1902 952 aut
1947 881 2280 954 homines
2317 898 2579 954 natura

433 992 811 1062 malivolos
853 1005 926 1062 et
969 991 1358 1062 maledicos
1398 990 1834 1064 confinxisse
1882 991 2205 1064 dicemus
2254 1020 2269 1061 :
2332 1008 2409 1064 et
2450 1008 2575 1064 aut

435 1104 750 1200 aliquam
813 1099 1054 1171 fictam
1093 1113 1113 1146 ¹
1175 1101 1495 1174 fabulam
1542 1104 1617 1174 in
1666 1100 2108 1174 adversarios
2160 1099 2577 1190 afferemm,

441 1236 658 1309 quam
689 1210 1013 1281 dieamus
1042 1209 1386 1283 omnibus
1411 1214 1484 1282 in
1521 1237 1650 1283 ore
1677 1237 1869 1301 esse;
1906 1228 2029 1284 aut
2056 1237 2309 1283 verum
2340 1235 2577 1284 rumo-

439 1347 594 1394 rem
624 1319 1110 1420 proferemuS‚
1149 1325 1277 1420 qui
1311 1323 1452 1393 illis
1479 1321 1751 1420 aliquid
1788 1323 2259 1420 turpitudinis
2294 1323 2579 1412 afferat,

447 1457 686 1529 neque
722 1446 966 1501 tamen
1009 1433 1075 1501 ei
1123 1435 1399 1502 rumori
1457 1457 1591 1503 nos
1632 1431 1849 1502 fidem
1906 1431 2175 1505 habere
2218 1433 2578 1523 dicemus;

442 1541 606 1614 ideo
655 1540 854 1638 quod
914 1543 1152 1638 quivis
1202 1542 1426 1613 homo
1469 1545 1697 1641 possit
1759 1543 2089 1640 quemvis
2148 1557 2439 1640 turpem
2485 1542 2578 1615 de

441 1650 774 1750 quolibet
827 1675 1200 1722 rumorem
1260 1651 1622 1750 proferre,
1676 1665 1749 1723 et
1810 1650 2194 1722 confictam
2257 1649 2580 1722 fabulam

442 1763 788 1860 dissipare
828 1773 882 1832 ².
939 1763 1462 1833 Verumtamen
1506 1763 1567 1831 si
1600 1786 1853 1832 rumor
1892 1761 2361 1833 vehementer
2404 1784 2578 1859 pro-

437 1872 698 1944 babilis
737 1897 888 1944 esse
927 1870 1327 1958 videbitur,
1356 1871 1932 1970 argumentando
1966 1870 2169 1943 famae
2194 1870 2417 1944 fidem
2448 1897 2581 1970 po-

441 1985 740 2056 terimus
774 1982 1144 2082 abrogare.

535 2093 755 2186 Quod
800 2109 876 2164 et
909 2092 1332 2165 difficillima
1375 2108 1683 2166 tractatu
1718 2110 1826 2166 est
1862 2095 2285 2166 constitutio
2336 2095 2605 2189 conje-.

443 2206 769 2292 muralis,
822 2220 895 2276 et
922 2192 1233 2286 'iuveris
1285 2205 1519 2276 causis
1560 2205 1947 2302 saepissime
1992 2198 2407 2274 tractanda3
2444 2205 2582 2291 est,

441 2341 530 2390 eo
575 2315 991 2412 diligentius
1027 2305 1281 2385 omnes
1315 2315 1470 2410 ejus
1504 2328 1748 2412 partes
1778 2312 2259 2413 perscrutanti
2292 2337 2580 2403 summ,

444 2441 528 2496 ut
567 2450 660 2495 ne
703 2423 999 2522 parvula
1035 2422 1334 2519 quidem
1373 2422 1813 2495 titubatione
1844 2440 1969 2496 aut
2008 2422 2411 2497 offensione
2446 2430 2581 2496 im-

443 2530 948 2633 pediremur-⁵,
987 2534 1046 2603 si
1089 2532 1184 2603 ad
1231 2534 1418 2605 hanc
1455 2536 1815 2605 rationem
1860 2536 2363 2633 praeceptionis
2410 2538 2581 2607 assi-

440 2644 789 2715 duitatem
829 2644 1363 2715 exercitationis
1395 2643 2140 2716 accommodassemus
2157 2640 2211 2715 ⁶.

537 2760 659 2825 IX.
712 2751 926 2852 (vm.)
980 2759 1192 2825 Nunc
1243 2753 1336 2825 ad
1382 2754 1712 2852 legitimae
1759 2756 2295 2827 constitutionis
2340 2771 2582 2853 partes

445 2874 954 2936 transeamus¹.
1015 2868 1264 2956 Quum
1310 2866 1647 2937 voluntas
1688 2867 2056 2966 scriptoris
2101 2890 2266 2937 cum
2312 2871 2582 2964 scripto

509 3042 652 3089 vm.
681 3057 726 3088 1.
755 3040 822 3088 Ee
847 3050 935 3087 aut
958 3037 1078 3103 aliq.
1095 3040 1298 3107 fictam.
1351 3062 1378 3083 α
1407 3044 1470 3089 Et
1631 3042 1682 3089 6.
1732 3040 1785 3089 Si
1816 3042 1891 3089 ad
1924 3040 2054 3088 hano
2096 3052 2193 3090 rae.
2214 3052 2442 3105 praeept.
2484 3056 2582 3091 ass.

444 3121 654 3183 aliquam
691 3130 776 3168 aut
805 3117 970 3166 fictam
999 3140 1022 3161 ι
1054 3130 1170 3167 vett.
1200 3119 1314 3167 edd.
1351 3136 1469 3184 per-
1558 3136 1722 3168 exerc.
1772 3120 2291 3169 accommodasse-mus.
2343 3120 2582 3167 Gruterus

443 3215 626 3264 peram.
1556 3199 2038 3247 accommodaremus
2052 3218 2073 3257 ‚-
2090 3199 2281 3248 Ernesti
2307 3214 2583 3247 accommo-

515 3294 564 3325 α.
598 3274 871 3342 Dissipat-e,
897 3276 932 3325 i.
956 3292 1000 3323 e.
1023 3292 1248 3341 spargere
1274 3277 1325 3324 in
1360 3278 1468 3325 vul·
1555 3280 1828 3329 dassemus.
1847 3280 1961 3337 Sic,
1977 3281 2166 3342 inquit,
2196 3280 2320 3327 Mss
2345 3278 2507 3341 plures
2532 3288 2584 3327 et

445 3374 551 3420 gua.
1555 3359 1672 3408 edd.
1691 3376 1769 3425 pr.
1797 3376 1955 3424 neque
1978 3358 2043 3407 ad
2067 3358 2270 3407 Aldum.
2306 3360 2479 3420 ltaque
2504 3374 2587 3406 re-

516 3439 564 3483 3.
608 3434 874 3499 Saepissime
925 3434 1198 3483 tractanda
1253 3446 1337 3482 ese.
1375 3436 1466 3483 Ms
1558 3440 1773 3503 cepimus
1800 3454 1895 3503 pro
1938 3438 2142 3502 vulgato
2183 3437 2586 3485 acconvnodan-

443 3517 577 3565 (ἴση.
631 3513 764 3562 delet
810 3525 880 3563 est
898 3549 912 3572 ,
967 3512 1106 3576 quod
1149 3529 1253 3562 nou
1296 3513 1468 3577 displi-
1556 3535 1680 3566 mus.
1702 3520 1892 3583 Nempe
1923 3518 2243 3582 intelligimus
2272 3517 2334 3565 de
2362 3526 2585 3576 oratore,

441 3606 539 3643 cet.
553 3597 684 3642 Ent-
1556 3600 1641 3661 qui
1660 3598 1725 3646 ad
1751 3599 1877 3646 hanc
1896 3598 2137 3646 rationem
2158 3614 2211 3644 se
2228 3596 2448 3643 exercuit
2466 3597 2592 3643 asei-

513 3682 562 3729 4.
602 3671 892 3720 Pet-scrutati
915 3686 1092 3719 sumus.
1126 3670 1325 3723 Schiitz.
1342 3690 1464 3736 per·
1556 3677 1672 3736 ‹lue3
1708 3692 1811 3725 uon
1835 3678 1897 3725 de
1918 3676 2270 3726 exercitatione
2291 3676 2396 3739 ipsa
2414 3707 2431 3735 ‚
2456 3686 2589 3722 tam-

441 3753 655 3818 sequuti.
689 3754 794 3809 Sic,
835 3753 1028 3817 inquit,
1072 3751 1332 3815 legendum
1361 3768 1464 3800 esse
1555 3772 1700 3819 quam
1716 3756 2284 3815 essen-accommodare
2298 3753 2533 3803 vellemus
2546 3774 2584 3802 ιι.

441 3844 572 3881 recte
593 3830 832 3879 divin-vit
857 3830 1132 3877 Lambinus.
1173 3832 1319 3895 Vulg.
1351 3848 1462 3896 per-
1552 3836 1677 3882 Nam
1714 3836 1943 3883 titubatio
1981 3846 2030 3883 et
2062 3834 2273 3882 offensio
2300 3848 2405 3880 non
2430 3842 2505 3880 est
2530 3834 2585 3881 in

433 3909 655 3972 scrutati,
692 3926 836 3958 sensu
861 3910 1021 3959 minus
1046 3920 1180 3975 apto,
1552 3914 1928 3972 exercitatione,
1968 3914 2056 3960 ned
2102 3914 2153 3960 in
2190 3922 2309 3960 actu
2352 3910 2586 3972 dicendi,

509 3992 554 4039 5.
600 3990 968 4056 Impedit-emur.
1018 3990 1345 4053 Impedit-etur
1377 3989 1456 4039 ed.
1550 4010 1701 4057 quum
1720 4008 1873 4039 causae
1888 4003 2116 4055 aguntur.

443 4072 594 4129 1⁴7⁶·
1622 4075 1714 4120 lx.
1752 4087 1791 4118 1.
1824 4070 1912 4119 Ad
1932 4072 2029 4137 leg.
2058 4070 2421 4121 constitutionis
2440 4082 2582 4135 pare.
