2982 4682
794 400 1289 471 oRA‘romAE
1336 400 1937 471 PAR‘rlTloNEs
1960 454 1980 489 ‚
2033 426 2096 497 7.
2375 402 2511 499 577

382 528 545 622 pius
584 524 835 595 iterata
866 534 1270 619 ponantur3
1303 522 1896 619 constructioque
1933 522 2326 595 verborum
2358 539 2517 595 tum

383 631 1027 729 conjunctionibus
1066 629 1449 728 copuletur
1475 641 1560 720 ¹⁰,
1603 646 1758 702 turn
1799 631 2396 707 dissolutionibus
2422 662 2526 708 re·

383 744 771 814 laxetur¹¹.
824 746 935 813 Fit
978 742 1189 812 etiam
1227 742 1463 812 suavis
1494 745 1764 829 orati0,
1815 766 2044 839 quum
2091 742 2362 840 aliquid
2399 758 2527 817 aut

384 854 725 940 invisum,
772 866 897 923 aut
950 850 1394 939 inauditum,
1437 866 1564 923 aut
1604 877 1876 923 novum
1925 851 2140 924 dicas.
2189 854 2518 926 Delectat

386 966 578 1036 enim
622 963 979 1061 quidquid
1020 976 1128 1033 est
1165 960 1623 1033 admirabile:
1653 965 2109 1060 maximeque
2139 977 2378 1034 movet
2409 988 2521 1051 ea,

386 1099 549 1173 quae
593 1088 875 1145 motum
930 1071 1243 1170 aliquem
1288 1074 1508 1142 animi
1555 1074 1843 1160 miscet,
1901 1076 2170 1161 oratio,
2225 1098 2532 1171 quaeque

386 1183 742 1282 significat
776 1185 1085 1255 oratoris
1116 1185 1348 1281 ipsius
1392 1180 1736 1254 amabiles
1785 1206 2028 1257 mores
2067 1209 2082 1251 :
2123 1184 2250 1280 qui
2287 1187 2525 1281 expri-

388 1309 713 1377 muntur,
769 1308 894 1365 aut
945 1290 1420 1391 significando
1464 1292 1742 1387 judicio
1785 1292 2091 1390 ipsius¹²
2141 1318 2230 1363 ex
2285 1295 2526 1365 animo

388 1404 708 1475 humano
746 1429 827 1475 ac
863 1403 1182 1491 liberali,
1239 1417 1365 1474 aut
1409 1402 1801 1502 inflexione
1853 1406 2241 1489 sermonis,
2295 1427 2528 1501 quum

387 1526 511 1583 aut
555 1512 865 1610 augendi
917 1514 1249 1600 alterius,
1306 1528 1433 1584 aut
1472 1510 1856 1584 minuendi
1902 1514 2015 1585 sui
2071 1538 2328 1601 causa,
2389 1513 2529 1585 alia

388 1623 528 1693 dici
556 1623 645 1693 ab
680 1640 1003 1710 oratore,
1048 1624 1183 1695 alia
1220 1624 1610 1694 existimari
1643 1622 2007 1707 videntur,
2045 1624 2268 1722 idque
2305 1628 2526 1695 comi-

388 1732 733 1809 tatekieri
786 1736 1043 1830 magis,
1086 1758 1304 1831 quam
1346 1736 1683 1803 vanitate.
1723 1732 1862 1803 Sed
1895 1733 2122 1804 multa
2165 1751 2338 1807 sunt
2372 1760 2529 1807 sua·

390 1845 625 1914 vitatis
647 1858 1037 1940 praecepta,
1072 1866 1237 1941 quae
1266 1844 1672 1914 orationem
1696 1858 1822 1913 aut
1845 1846 2070 1941 magis
2099 1843 2484 1917 obscuram
2503 1900 2524 1935 ,

391 1968 515 2023 aut
540 1954 779 2023 minus
798 1953 1252 2049 probabilem
1276 1952 1541 2024 saciant
1564 1950 1646 2022 ¹³.
1681 1956 1932 2049 Itaque
1953 1954 2168 2024 etiam
2195 1954 2522 2027 hocloco

391 2062 604 2135 nobis
641 2077 747 2133 est
780 2064 987 2160 ipsis,
1034 2063 1209 2159 quid
1238 2053 1452 2134 causa
1485 2061 1844 2160 postulet,
1875 2060 2375 2156 judicandum.

488 2176 646 2243 VII.
678 2176 755 2241 C.
790 2178 864 2243 F.
898 2172 1289 2270 Reliquum
1322 2186 1427 2243 est
1455 2173 1699 2269 igitur,
1734 2185 1814 2241 ut
1845 2170 2039 2242 dicas
2067 2169 2155 2240 de
2183 2196 2531 2246 conversa

394 2282 720 2354 oratione
748 2297 967 2379 atque
1006 2296 1303 2354 mutata.
1351 2322 1435 2335 —
1462 2284 1542 2352 C.
1594 2284 1669 2352 P.
1710 2284 1836 2353 Est
1871 2281 2157 2379 itaque1
2195 2281 2269 2353 id
2301 2306 2530 2380 genus

396 2407 630 2463 totum
671 2394 885 2464 situm
932 2395 1003 2462 in
1045 2393 1613 2464 commutatione
1648 2389 2130 2480 verborum²;
2172 2417 2335 2489 quae
2365 2395 2529 2464 sim-

394 2565 841 2628 itum-pretationem
858 2601 875 2626 ,
890 2567 1127 2630 cujusque
1149 2566 1233 2615 dat
1252 2581 1413 2614 exem·
1569 2568 1685 2614 vn.
1715 2581 1763 2615 1.
1793 2565 1888 2612 Est
1906 2563 2092 2628 itaque.
2125 2561 2254 2611 Edd.
2275 2561 2395 2611 dant
2415 2583 2439 2606 ι
2453 2575 2528 2614 est

395 2643 532 2707 plum
555 2665 579 2688 ι
599 2645 949 2710 rempublicam
980 2647 1215 2694 radicitus
1233 2646 1411 2694 everti-

395 2724 485 2781 sti,
511 2723 756 2772 civitatem
782 2725 1005 2772 funditus
1030 2725 1246 2786 dejecisti
1266 2745 1307 2771 ο.

473 2817 548 2850 ro.
576 2801 997 2866 conjunctionibus
1024 2804 1289 2867 copuletur,
1316 2813 1412 2850 etc.

396 2880 686 2943 Exemplum
708 2881 849 2928 affert
880 2883 931 2930 J.
954 2882 1017 2928 V.
1045 2883 1100 2930 L.
1132 2898 1195 2929 ex
1222 2897 1295 2930 or.
1323 2895 1415 2944 pro

396 2957 501 3021 lege
528 2960 664 3005 Man.
694 2973 802 3021 cap.
824 2960 891 3006 6:
923 2979 945 3001 ι
966 2958 1081 3007 Asis
1114 2970 1211 3008 tum
1248 2960 1414 3024 opima

398 3047 470 3084 est
488 3047 537 3084 et
554 3037 725 3083 fertilis
738 3069 753 3094 ‚
775 3048 831 3084 ut
854 3047 900 3084 et
918 3037 1137 3086 ubertate
1155 3053 1382 3101 agrorum
1398 3073 1414 3097 ,

398 3126 447 3162 et
462 3114 691 3162 verietate
712 3115 955 3161 fruetuum
971 3147 986 3172 ‚
1012 3126 1060 3162 et
1083 3116 1415 3178 magnitudine

397 3193 651 3258 pastionis.
664 3205 712 3240 et
726 3192 1037 3241 multitudine
1051 3209 1215 3240 earum
1236 3210 1413 3256 rerum,

396 3289 507 3338 quse
526 3282 858 3336 exportantur,
876 3271 1015 3319 facile
1034 3271 1261 3320 omnibus
1279 3274 1416 3321 terris

398 3350 655 3400 antecellat
677 3373 719 3400 ι.

476 3447 498 3478 1
512 3447 557 3478 ι.
576 3429 983 3480 Dissolutae’onibm
1012 3431 1278 3478 relaxetur.
1312 3431 1406 3485 Ed.

401 3512 527 3557 Ven.
552 3508 691 3557 addit
712 3509 872 3572 quasi,
896 3511 1023 3558 Eun.
1041 3535 1105 3546 —-
1126 3510 1415 3573 Exemplum

398 3589 541 3638 affert
568 3590 682 3637 J.v.
696 3591 750 3637 1..
775 3605 837 3636 ex
858 3588 1041 3636 Andria
1061 3591 1260 3637 Terent.
1288 3610 1315 3630 α
1333 3605 1413 3637 ue-

400 3667 523 3716 eessi
538 3703 551 3726 ‚
574 3683 663 3716 vos
680 3679 902 3728 semum,
923 3685 1015 3718 nos
1034 3669 1127 3717 soli
1148 3669 1353 3733 :incipit
1370 3690 1415 3716 a.

476 3762 559 3796 υ.
591 3749 693 3794 Aue
706 3747 833 3813 sign.
852 3747 968 3813 jud.
996 3749 1141 3813 ipsius
1166 3763 1235 3797 ea·
1248 3747 1418 3796 animo

401 3827 632 3876 hnmano.
652 3824 907 3875 Sehiitzius
928 3829 1126 3893 corrigit
1152 3844 1165 3877 :
1196 3850 1219 3872 ι
1238 3839 1323 3875 aut
1354 3828 1418 3875 si·-

402 3904 681 3972 gniflesudo
698 3905 946 3967 judicibus
959 3907 1125 3956 animo
1140 3907 1355 3955 humano
1371 3927 1416 3954 n.

482 3986 562 4032 13.
582 3985 809 4034 Faciant.
832 3987 1075 4052 Rescripsi
1098 3988 1203 4036 sine
1218 3987 1414 4035 dubita-

403 4066 535 4112 tione
550 4095 564 4118 ,
594 4078 688 4126 pro
717 4060 948 4126 saciant,
992 4079 1193 4134 propter
1218 4083 1273 4116 ea
1308 4083 1419 4132 quae

402 4143 566 4192 statim
586 4141 707 4190 dixi.
725 4143 855 4190 Eun.

549 4241 607 4309 Ῑ.
664 4256 753 4301 cie.
771 4271 881 4317 pare
901 4257 1065 4318 prima.

1499 2645 1697 2709 quidem
1712 2665 1757 2693 ι.

1476 2769 1481 2772 .
1571 2739 1625 2771 2.
1659 2721 2042 2771 commutatione
2073 2721 2356 2772 verborum.
2389 2721 2520 2784 Quin

1497 2802 1552 2849 in
1587 2802 1644 2851 h.
1681 2802 1716 2850 1.
1755 2803 1916 2867 plures
1949 2800 2084 2848 modi
2127 2799 2364 2862 loquendi
2405 2811 2522 2850 sunt

1501 2880 1754 2938 rhetorici,
1779 2881 1866 2943 qui
1893 2881 1942 2926 in
1970 2877 2148 2926 libellis
2169 2878 2450 2942 vulgaribus
2461 2895 2522 2930 ιο

1499 2959 1758 3022 praeceptis
1792 2957 1852 3004 de
1893 2959 2146 3016 oratione,
2185 2959 2320 3016 sive,
2360 2969 2416 3006 nt
2439 2958 2520 3007 lo-

1500 3049 1741 3102 quuntur,
1759 3036 1821 3083 cle
1832 3036 1980 3100 stylo,
1999 3053 2102 3084 non
2122 3047 2420 3101 usurpantur
2435 3049 2522 3087 sut

1500 3116 1826 3180 explicantur,
1849 3115 2200 3180 explicabimus
2221 3116 2436 3182 singula,
2467 3120 2522 3166 in

1499 3195 1682 3260 quibus
1723 3196 1902 3244 harere
1946 3195 2151 3243 studiosi
2191 3195 2401 3260 possint.
2439 3201 2514 3244 Ac

1500 3275 1814 3323 commutatio
1860 3274 2058 3340 quidem
2107 3275 2212 3338 ipsa
2257 3274 2518 3322 verborum

1499 3371 1611 3419 qna
1653 3354 1716 3402 sit
1749 3355 1964 3403 <fiximus
2001 3355 2054 3402 in
2098 3353 2279 3414 Clsve,
2317 3369 2427 3417 quae
2471 3363 2522 3402 et

1500 3434 1769 3483 humuncio
1787 3445 1838 3483 et
1861 3435 2066 3483 iuver-sio
2081 3433 2277 3484 dieitur.
2302 3434 2520 3482 Primum

1497 3513 1650 3577 igitur
1689 3513 1831 3560 verbs
1867 3513 2054 3576 singula
2094 3515 2147 3560 in
2194 3513 2336 3577 plura
2370 3511 2520 3559 dedu-

1500 3602 1694 3651 cuntur,
1704 3607 1793 3656 per
1807 3591 2166 3657 synonymiam,
2179 3591 2522 3656 periphrasim,

1503 3669 1761 3717 formulam
1785 3669 2040 3717 verborum
2057 3704 2070 3727 ‚
2099 3684 2244 3731 quam
2265 3683 2383 3716 mox
2404 3683 2522 3715 ora·

1502 3748 1679 3796 tionem
1706 3747 1852 3806 dicit,
1869 3759 1926 3795 nt
1960 3763 2112 3811 quum
2138 3763 2232 3812 pro
2251 3746 2377 3794 mori
2391 3747 2520 3795 diei-

1502 3837 1606 3887 tur‚
1625 3849 1651 3869 κ
1669 3827 1768 3876 sato
1800 3827 1969 3891 fungi,
1993 3825 2120 3874 diem
2145 3826 2313 3886 obire,
2342 3843 2369 3874 e
2393 3843 2518 3874 con·

1503 3917 1674 3971 spectu
1692 3891 1953 3965 discedere,
1969 3917 2090 3954 οπο..
2104 3904 2308 3952 verbum
2321 3907 2520 3968 jactum

1505 3997 1579 4035 est
1603 3987 1943 4052 compositum.
1973 3983 2209 4033 Oratione
2232 3983 2524 4031 contrahun-

1507 4079 1588 4115 tur
1608 4067 1781 4124 verba,
1807 4065 1906 4113 hoe
1936 4063 2118 4112 modo:
2143 4060 2364 4110 definitio
2393 4077 2524 4110 cou-

1509 4147 1718 4196 trshitur
1728 4146 1824 4206 sic,
1837 4159 1989 4210 quum
2007 4160 2050 4193 e.
2076 4159 2118 4192 c.
2133 4157 2226 4208 pro
2241 4139 2528 4190 definitione

2255 4235 2342 4332 37
