2982 4682
747 342 876 409 AD
924 341 1528 424 HERENNIUM‚
1579 339 1844 407 LIBER
1895 340 1996 420 11,
2036 339 2104 410 6.
2165 318 2172 328 ’
2401 343 2485 412 6.

351 461 783 533 confirmata
814 461 1223 557 suspicione
1252 487 1271 530 ε
1304 484 1388 532 ea
1424 457 1645 530 habet
1679 458 1878 530 locos
1911 463 2248 557 proprios
2275 477 2495 559 atque

350 595 800 642 communes.
836 571 1116 666 Proprii
1156 584 1366 654 sunt,
1401 567 1707 665 quibus,
1739 570 1879 639 nisi
1913 583 2352 662 accusator²‚
2387 589 2496 658 et,

353 681 662 778 quibus,
721 681 859 750 nisi
902 677 1277 768 defensor,
1329 703 1548 751 nemo
1597 692 1837 777 potest
1877 684 2006 750 uti.
2054 683 2495 754 Communes

354 806 566 880 sunt,
625 793 755 889 qui
802 791 934 862 alia
982 793 1059 861 in
1109 815 1321 862 causa
1376 788 1467 860 ab
1524 815 1686 878 reo,
1736 788 1873 860 alia
1928 789 2020 861 ab
2075 809 2492 867 accusatore

352 916 772 973 tractantur.
810 907 895 972 In
925 924 1137 972 causa
1172 899 1644 995 conjecturali
1677 903 2020 997 proprius
2055 900 2256 974 locus
2285 927 2493 976 accu-

352 1013 607 1083 satoris
650 1025 796 1097 est,
832 1035 1065 1107 quum
1102 1009 1277 1082 dicit
1319 1009 1678 1081 malorum
1717 1011 2038 1080 misereri
2083 1035 2234 1082 non
2272 1037 2492 1111 opor-

352 1139 507 1195 tere
530 1177 551 1208 ,
594 1137 667 1193 et
702 1147 933 1219 quum
962 1136 1179 1219 auget
1212 1123 1486 1219 peccati
1525 1124 1974 1192 atrocitatem
1997 1119 2045 1192 ³.
2075 1122 2494 1197 Defensoris

350 1233 697 1330 proprius
747 1231 955 1302 locus
996 1245 1143 1317 est„
1191 1255 1420 1328 quum
1464 1231 2024 1304 misericordiam
2080 1249 2359 1332 captat,
2422 1253 2494 1307 et

353 1365 587 1438 quum
606 1355 1097 1412 accusatorem
1118 1341 1544 1426 calumniari
1568 1343 2009 1412 criminatur.
2048 1345 2495 1418 Communes

352 1450 495 1523 loci
523 1465 695 1522 sunt
711 1475 943 1548 quum
958 1452 1424 1537 accusatoriS‚
1458 1467 1612 1522 tum
1639 1449 2040 1523 defensoris
2058 1507 2078 1539 ‚
2096 1477 2138 1523 a
2165 1455 2493 1541 testibu5‚

353 1577 605 1632 contra
636 1575 888 1649 testes;
929 1587 970 1632 a
1009 1560 1566 1660 quaestionibuS‚
1602 1575 1858 1632 contra
1887 1564 2360 1658 quaestiones3
2397 1566 2491 1639 ab

354 1677 834 1770 argumenti3‚
877 1687 1132 1744 contra
1176 1685 1638 1768 argumenta3
1677 1695 1717 1740 a
1756 1669 2204 1760 rumoribus»,
2239 1690 2494 1748 contra

354 1807 705 1854 rumores.
743 1787 803 1853 A
844 1781 1149 1854 testibus
1185 1781 1509 1853 dicemus
1553 1781 1954 1852 secundum
1987 1785 2491 1856 auctoritatem

356 1908 429 1964 et
454 1898 673 1964 vitam
710 1895 1033 1980 testium,
1068 1907 1139 1964 et
1163 1893 1636 1964 constantiam
1671 1893 2269 1964 testimoniorum.
2299 1899 2492 1968 Con-

355 2017 462 2074 tra
498 2020 751 2091 testes‚
774 2003 1173 2076 secundum
1208 2006 1370 2073 vitae
1399 1999 1930 2101 turpitudinem
1956 2000 2011 2086 4,
2048 2007 2494 2080 testimonio-

352 2139 516 2184 rum
542 2117 1093 2185 inconstantiam
1126 2141 1143 2184 :
1176 2117 1233 2183 si
1262 2127 1387 2183 aut
1418 2110 1580 2182 fieri
1606 2135 1755 2181 non
1785 2111 2106 2209 potuisse
2136 2109 2492 2201 dicemus,

352 2240 478 2296 aut
512 2249 668 2297 non
703 2221 969 2295 factum
1009 2235 1163 2296 esse
1201 2220 1403 2319 quod
1440 2222 1724 2308 dicant,
1765 2235 1894 2292 aut
1923 2225 2102 2292 scire
2137 2222 2298 2294 illos
2339 2249 2488 2294 non

356 2337 705 2434 potuisse,
740 2350 863 2407 aut
898 2333 1159 2434 cupide
1198 2321 1514 2421 dicere5,
1543 2348 1613 2404 et
1649 2332 2156 2430 argumentari.
2205 2337 2373 2405 Haec
2414 2349 2488 2406 et

424 2601 475 2633 a.
508 2583 707 2648 Propi-ii
734 2594 877 2644 sune,
896 2581 1068 2647 quibus
1082 2616 1097 2641 ,
1116 2580 1214 2630 nisi
1231 2596 1377 2627 accu-

1539 2580 1590 2629 3.
1633 2578 1834 2627 Peccata·
1861 2578 2190 2630 aee-ocimum.
2226 2580 2318 2631 MS
2353 2582 2496 2633 θυι-ι.

353 2676 489 2712 sator
503 2700 522 2722 ,
582 2676 631 2712 et
680 2662 854 2728 quibus
877 2698 894 2721 ‚
950 2662 1051 2711 nisi
1109 2660 1333 2727 definsor
1360 2693 1376 2720 ,
1449 2658 1590 2725 facti
1605 2671 1701 2707 atr.
1719 2658 1856 2723 quod
1879 2674 1979 2707 non
1999 2658 2238 2723 displicet.
2263 2662 2398 2711 Ean.
2418 2690 2490 2700 --·

356 2758 498 2791 nemo
538 2752 705 2807 potest
760 2741 849 2790 mi.
902 2742 983 2791 Sic
1039 2739 1204 2805 plures
1256 2738 1379 2787 MSS

357 2834 406 2870 et
457 2822 575 2871 edit.
638 2820 910 2869 Mediolani.
972 2827 1125 2880 1474.
1199 2818 1279 2866 Sic
1330 2830 1381 2866 et

356 2904 495 2951 Jaat.
512 2917 659 2966 quam
682 2910 915 2963 sequutus
932 2916 1052 2947 aum.
1071 2901 1285 2947 Baras-r.
1307 2922 1378 2935 ——

356 2982 434 3029 sie
476 2992 607 3030 recte
648 2978 837 3028 cenauit
872 2977 1135 3043 legendnm
1178 2976 1379 3025 Ouden-

358 3060 574 3125 dot-pius.
618 3061 744 3109 Nam
792 3060 849 3107 in
890 3056 1041 3105 codd.
1086 3072 1255 3121 magna
1304 3064 1378 3103 eat

358 3142 572 3187 varietas.
598 3138 715 3189 Ald.
740 3138 859 3201 legit
881 3154 895 3188 :
925 3160 951 3180 οι
972 3138 1169 3202 Proprii
1185 3146 1299 3183 aunt
1322 3136 1373 3193 ii,

360 3220 559 3282 quibus,
602 3220 697 3267 nisi
735 3228 1003 3275 accusator,
1036 3232 1181 3265 nemo
1215 3226 1379 3279 potent

360 3300 451 3360 uti,
496 3310 549 3347 et
586 3299 657 3357 ii,
713 3297 891 3362 quibua
942 3297 1037 3344 nisi
1088 3295 1373 3343 defensor».

360 3377 583 3427 Oudoed.
636 3378 785 3427 codd.
840 3378 903 3425 δι
958 3386 1010 3425 et
1062 3375 1182 3423 edit.
1240 3374 1375 3421 Med.

362 3478 385 3499 ι
407 3458 585 3521 quibus
615 3458 709 3505 nisi
748 3468 1005 3505 accusator
1038 3470 1183 3504 nemo
1216 3464 1381 3518 potest

358 3538 451 3593 uti,
482 3550 533 3585 et
570 3537 625 3585 hi
656 3537 839 3600 quibua
876 3536 973 3584 nisi
1012 3535 1239 3583 defensor
1276 3547 1379 3580 non

357 3628 513 3679 potent
543 3618 619 3666 uti
652 3638 709 3675 n,
744 3617 839 3664 nisi
868 3614 1007 3679 quod
1036 3630 1063 3661 a
1099 3615 1245 3661 Vota.
1280 3628 1379 3659 sec.

358 3696 481 3743 decit
515 3696 570 3743 in
596 3694 699 3744 fine
729 3717 752 3740 ιι
778 3712 883 3743 non
926 3702 1091 3759 potent
1132 3692 1209 3739 nti
1251 3712 1301 3749 ι,
1330 3700 1381 3739 et

355 3786 525 3823 contra
558 3777 613 3823 in
654 3774 732 3823 ed.
766 3774 901 3823 Med.
933 3774 1124 3822 auctius
1158 3772 1379 3835 legatur,

356 3876 381 3895 α
400 3855 627 3903 decemo·-
644 3854 819 3917 aliquia
840 3876 881 3899 -·.
912 3852 1047 3903 Laid.
1067 3868 1173 3901 aec.
1211 3872 1234 3895 ι
1252 3866 1379 3914 quo-

358 3950 461 3981 rum
496 3934 667 3997 aliquo
694 3948 839 3980 nemo
880 3934 973 3979 nisi
1008 3942 1264 3981 accusator
1306 3928 1379 3976 uti

358 4024 545 4077 potat,
566 4013 685 4060 item
707 4011 886 4075 quibua
905 4012 999 4059 nisi
1024 4010 1252 4061 deren-or
1276 4024 1379 4057 non

356 4102 515 4155 potest
546 4093 621 4140 uti
642 4113 687 4141 a.
708 4092 919 4141 Scau-ra.

1466 2741 1530 2788 Et
1555 2739 1620 2787 ita
1646 2736 1848 2787 Schiitz.
1873 2737 2047 2787 edidit.
2071 2740 2150 2789 Cf.
2169 2740 2274 2789 Cic.
2299 2740 2362 2789 de
2383 2744 2491 2791 Inv.

1466 2820 1544 2876 11,
1579 2815 1660 2867 15.

1544 2905 1594 2952 4.
1643 2894 1916 2943 Secundum
1957 2896 2083 2944 vica
2128 2896 2490 2961 turpitudinem.

1465 2973 1712 3025 Emeatius
1739 2973 1867 3021 delet
1891 2974 2154 3023 secundum
2188 2992 2292 3025 non
2313 2978 2494 3028 admo-

1467 3056 1572 3103 nito
1597 3054 1780 3103 lectore
1803 3068 1816 3101 :
1838 3055 1908 3101 sic
1933 3064 1984 3101 et
2011 3056 2264 3103 Gruterus.
2285 3056 2490 3109 Schiitz.

1464 3134 1862 3199 praepositionem
1885 3132 2095 3193 addidit,
2121 3150 2234 3198 quae
2258 3146 2314 3185 ut
2341 3149 2414 3185 eat
2439 3140 2494 3189 in

1466 3214 1628 3279 primo
1655 3212 1901 3275 membro,
1930 3214 2000 3261 sic
2027 3230 2118 3263 nec
2142 3216 2196 3263 in
2222 3216 2378 3266 altero
2399 3218 2490 3267 ab·

1462 3310 1572 3342 esse
1593 3300 1772 3358 potest.

1543 3376 1592 3421 5.
1623 3374 1730 3421 Aue
1753 3372 1928 3437 cupide
1951 3373 2130 3421 dicere.
2150 3377 2307 3425 Janna
2333 3376 2494 3427 Wou-

1466 3452 1628 3501 verius
1671 3453 1956 3510 annotavit,
1993 3451 2135 3500 malle
2173 3468 2226 3501 aa
2266 3476 2294 3498 κ
2319 3458 2494 3519 putide

1468 3532 1629 3579 ὤσει-ο
1671 3546 1730 3587 ις
1757 3545 1784 3576 a
1811 3545 1912 3592 quo
1953 3530 2215 3589 dissentit„
2245 3535 2334 3597 qui
2361 3538 2490 3591 enim

1468 3609 1652 3674 cupide
1677 3620 1850 3658 contra
1885 3608 2098 3671 aliquem
2131 3610 2230 3660 fert
2269 3614 2492 3665 testimo-

1468 3690 1633 3743 uium.
1671 3704 1730 3737 eo
1767 3688 1880 3752 ipso
1909 3687 2002 3733 sibi
2030 3688 2253 3753 infringit
2276 3698 2493 3743 anctori-

1468 3778 1636 3817 tatem.
1687 3767 1808 3815 Indo
1853 3765 1936 3813 illa
1985 3768 2146 3814 cautio
2201 3770 2494 3831 Quintiliani

1468 3847 1596 3897 libro
1643 3858 1819 3911 quarto
1873 3848 1997 3893 Inst-
2040 3849 2181 3898 Orat.
2225 3864 2332 3913 cap.
2372 3868 2448 3899 vu
2476 3870 2488 3901 :

1469 3949 1495 3969 ιι
1521 3929 1562 3975 ai
1599 3925 1748 3974 habet
1775 3937 1946 3975 testem
1973 3926 2210 3989 cupidum
2249 3927 2456 3978 laedendi
2480 3966 2494 3989 ‚

1468 4022 1638 4055 cavere
1663 4004 1808 4054 debet
1833 4006 1928 4053 hoc
1949 4008 2110 4069 ipsum
2127 4040 2142 4065 ,
2168 4020 2230 4053 ne
2251 4007 2494 4070 cupiditas

1468 4087 1572 4147 ejus
1595 4095 1825 4149 appareat
1846 4107 1894 4135 υ.
1923 4083 2089 4133 Gau-r.
