2982 4682
732 319 853 386 DE
900 318 1510 406 INVENTIONE,
1559 319 1822 388 LIBER
1871 320 2138 406 11,26.
2351 327 2490 420 447

370 439 634 512 fuisses)
670 438 787 526 id,
825 439 1029 536 quod
1056 444 1292 512 vitarit
1336 466 1541 534 reus,
1579 465 1798 539 quam
1825 440 2042 528 illud,
2078 444 2278 540 quod
2309 444 2495 518 fece-

370 549 483 620 rit.
528 551 829 622 Honesti
850 561 910 593 ¹⁰
930 565 1167 622 autem
1197 565 1269 622 et
1297 551 1491 622 utilis
1519 567 1592 622 et
1613 552 1986 622 necessarii
2010 552 2114 623 vis
2131 569 2206 624 et
2235 571 2486 628 natura

368 664 442 734 in
490 658 1027 748 deliberationis
1056 662 1429 758 praeceptis
1446 675 1956 757 cognoscetur.

459 769 743 844 Deinde
776 768 1149 866 oportebit
1176 770 1401 868 ipsam
1429 769 1625 839 illam
1653 770 2200 867 comparativam
2223 771 2491 866 judica·
2597 825 2602 830 -

370 882 641 954 tionem
670 902 1035 975 exponere
1055 933 1074 965 ,
1114 893 1479 976 tamquam
1509 903 1792 950 causam
1821 878 2352 950 deliberativam
2371 934 2392 962 ,
2419 895 2490 952 et

367 989 459 1062 de
503 1015 585 1062 ea
622 1015 709 1062 ex
748 986 1291 1060 deliberationis
1330 993 1708 1087 praeceptis
1735 989 2076 1087 deinceps
2103 988 2360 1061 dicere.
2391 993 2494 1062 Sit

366 1103 553 1172 enim
584 1099 737 1170 haec
764 1098 1146 1191 judicatiO,
1182 1121 1397 1194 quam
1438 1113 1604 1170 ante
1639 1100 2104 1197 exposuimus
2133 1125 2149 1168 :
2182 1130 2215 1164 α
2243 1101 2486 1189 Quum

366 1232 617 1282 omnes
647 1209 947 1307 perituri
978 1206 1237 1279 milites
1258 1223 1536 1296 essent,
1581 1210 1721 1280 nisi
1746 1208 1834 1279 ad
1863 1207 2048 1280 hanc
2078 1211 2486 1307 pactionem

366 1318 830 1401 venissent¹¹,
872 1331 1117 1387 utrum
1155 1319 1375 1390 satius
1410 1314 1627 1389 fuerit
1669 1320 1905 1416 perire
1939 1309 2206 1390 ‘milites
2228 1375 2248 1406 ,
2277 1343 2372 1392 an
2401 1321 2488 1392 ad

364 1425 553 1498 hanc
589 1427 993 1552 pactionem
1028 1429 1268 1498 venire
1288 1457 1341 1496 ».
1380 1433 1537 1498 Hoc
1573 1451 1662 1498 ex
1704 1426 1876 1499 loeis
1915 1425 2486 1519 deliberationis,

364 1538 568 1634 quasi
604 1535 975 1631 aliquam
954 1559 1029 1605 m
1071 1538 1672 1609 consultationem
1717 1561 1834 1610 res
1881 1539 2148 1626 veniat,
2195 1542 2485 1612 tractari

363 1644 752 1743 oportebit.

458 1753 711 1826 XXVI.
750 1753 1105 1826 Defensor
1135 1770 1415 1840 autem,
1452 1753 1768 1852 quibus
1750 1780 1825 1826 m
1863 1755 2034 1826 locis
2069 1755 2162 1827 ab
2203 1782 2486 1830 accusa-

362 1880 523 1937 tore
574 1865 725 1938 aliae
780 1865 1331 1936 constitutiones
1373 1879 1583 1934 erunt
1641 1863 1984 1940 inductae¹
2010 1917 2030 1951 ,
2075 1866 2150 1934 in
2197 1868 2282 1938 iis
2331 1873 2486 1966 ipse

360 1998 657 2070 quoque
695 1999 781 2045 ex
808 1973 1061 2045 iisdem
1088 1973 1728 2045 constitutionibus
1764 1970 2254 2045 defensionem
2289 2001 2484 2049 com-

358 2081 673 2180 parabit;
712 2097 991 2155 ceteros
1041 2097 1280 2154 autem
1337 2107 1590 2155 omnes
1637 2081 1870 2170 locos,
1925 2084 2054 2180 qui
2103 2082 2195 2154 ad
2251 2088 2478 2182 ipsam

358 2193 963 2289 comparationem
996 2192 1500 2290 pertinebunt,
1529 2217 1615 2264 ex
1645 2196 2009 2265 contrario
2047 2191 2398 2266 tractabit.
2435 2205 2453 2220 ‘

452 2302 624 2372 Loci
685 2313 1153 2375 communes²
1195 2317 1444 2393 erunt,
1481 2303 1946 2391 accusatoriS,
1994 2305 2070 2374 in
2108 2327 2314 2390 eum,
2351 2310 2476 2401 qui

356 2435 587 2509 quum
612 2410 704 2483 de
740 2410 931 2484 facto
962 2416 1157 2512 turpi
1192 2415 1473 2511 alique,
1531 2428 1658 2486 aut
1689 2413 1964 2503 inutili,
2003 2430 2129 2486 aut
2163 2430 2478 2513 utroque

356 2518 685 2609 fateatur,
704 2538 975 2621 quaerat
1006 2538 1245 2597 tamen
1284 2525 1595 2622 aliquam
1631 2524 2160 2613 defensionem,
2196 2538 2270 2596 et
2307 2524 2474 2596 facti
2572 2542 2581 2545 “

354 2631 856 2720 inutilitatem,
901 2648 1023 2705 aut
1046 2635 1566 2733 turpitudinem
1604 2659 1768 2706 cum
1793 2633 2287 2734 indignatione
2314 2660 2480 2732 pro·

354 2736 619 2830 ferre³;
648 2742 1083 2829 defensoris,
1118 2744 1401 2817 nullum
1433 2743 1704 2817 factum
1733 2745 2026 2831 inutile,
2061 2769 2302 2841 neque
2329 2758 2474 2815 tur-

352 2873 480 2946 pe,
526 2876 765 2947 neque
808 2854 979 2923 item
1020 2853 1231 2941 utile,
1282 2879 1522 2951 neque
1565 2854 1954 2925 honestum
1991 2857 2229 2952 putari
2258 2879 2476 2952 opor·-

354 2972 544 3045 tere,
596 2959 771 3045 nisi,
806 2984 955 3056 quo
995 2965 1272 3048 animo,
1318 2988 1469 3061 quo
1520 2978 1879 3059 tempore,
1929 2988 2072 3061 qua
2125 2962 2216 3035 de
2267 2970 2476 3037 causia

350 3064 619 3139 factum
658 3069 783 3155 sit,
822 3070 1263 3167 intelligatur
1296 3100 1313 3141 ε
1344 3073 1475 3172 qui
1512 3072 1713 3143 locus
1753 3076 1852 3143 ita
1887 3076 2293 3147 communis
2327 3090 2472 3163 est,

1523 3336 1570 3369 a.
1601 3318 1721 3367 Loci
1747 3334 2025 3369 communes·
2052 3332 2208 3371 erunt.
2241 3320 2390 3385 Quod
2417 3322 2472 3369 in

1447 3398 1562 3449 odd.
1586 3398 1936 3450 recentioribus
1961 3399 2159 3447 additur
2183 3411 2345 3449 autem
2358 3435 2378 3459 ‚
2419 3400 2472 3449 id

418 3332 467 3379 9.
501 3316 664 3365 Fuisse
693 3316 750 3366 id
760 3352 777 3375 ‚
808 3318 957 3383 quod.
994 3318 1075 3389 §ic
1118 3294 1233 3367 d‘edi
1266 3334 1363 3383 pro

346 3393 477 3443 illud
490 3412 519 3442 e
540 3396 633 3445 MS
655 3396 787 3446 Leia.
817 3400 877 3445 In
913 3398 1009 3448 Gu.
1044 3413 1062 3446 ι
1088 3408 1159 3447 eut
1177 3396 1359 3459 sitisse,

345 3472 514 3536 quod.-
552 3475 689 3539 qnod
724 3477 1027 3541 prasci-rem,
1059 3479 1101 3525 si
1125 3479 1177 3525 in
1206 3476 1361 3527 altero

346 3566 449 3599 non
474 3562 598 3601 esset
623 3552 759 3603 illud.
783 3554 917 3605 Eur.
942 3582 1011 3595 -—
1039 3556 1222 3604 Probat
1248 3555 1362 3607 Sch.

422 3646 497 3679 ro.
528 3632 738 3679 Honesti
856 3646 1184 3699 cognoscetur.
1230 3636 1363 3685 Infra

343 3724 450 3773 cap.
467 3710 533 3757 53
553 3726 689 3773 seqq.
709 3712 823 3757 Seu.

418 3804 439 3835 ι
456 3802 497 3835 1.
518 3788 780 3839 Venissene.
795 3789 995 3841 schfitz.
1016 3792 1358 3843 venissecNid.

342 3875 447 3914 not.
465 3882 573 3930 cap.
594 3874 687 3927 24,
704 3866 759 3915 in
778 3866 892 3917 fine.

413 3946 607 3993 XXVI.
646 3961 695 3993 1.
722 3947 785 4009 Q.
817 3945 867 3995 in
916 3948 1353 4000 Iocis-..inducta

342 4024 411 4071 Ut
433 4040 577 4089 snpra
605 4024 790 4073 dietum
814 4037 887 4074 est
904 4042 1011 4089 cap.
1036 4037 1117 4085 aa·

1448 3494 1474 3526 ι
1503 3480 1627 3533 MSS
1656 3482 1900 3546 plerisque
1925 3492 1974 3529 et
2001 3480 2118 3531 edd.
2140 3497 2216 3545 pr.
2232 3481 2397 3541 abent,
2420 3492 2472 3531 et

1449 3568 1578 3607 mete
1598 3558 1780 3607 delevit
1798 3559 2006 3609 Ernesti.
2023 3562 2137 3607 Son.

1521 3637 1570 3684 3.
1606 3634 1863 3701 Profer-ru
1903 3636 2202 3701 defensoris,
2252 3636 2436 3685 mallem
2451 3672 2467 3693 ,

1447 3725 1541 3764 ete.
1561 3716 1641 3775 Sic
1665 3718 1878 3781 primum
1895 3714 2193 3780 inter-punxi.
2213 3716 2474 3765 Cohaerent

1446 3796 1575 3843 enim
1601 3794 1668 3843 ita
1688 3810 1704 3843 ε
1731 3796 1871 3845 «loci
1891 3810 2176 3845 communes
2201 3804 2371 3853 erunt,
2398 3808 2474 3841 ac·

1446 3874 1705 3923 cusator-is.
1719 3874 2040 3923 ..defensoris
2056 3894 2100 3922 a.
2126 3875 2298 3935 Itaque
2327 3882 2376 3919 et
2405 3884 2478 3921 ese

1446 3962 1560 4015 post
1577 3952 1852 4015 &semoris
1875 3952 2060 4013 delevi,
2089 3950 2228 4015 quod
2246 3950 2468 3999 additum

1442 4040 1514 4077 est
1539 4047 1602 4077 ex
1633 4034 1805 4080 vitiosa
1837 4030 2271 4095 interpunctione:
2309 4028 2472 4079 abest·

2711 4458 2974 4609 a
