2982 4682
600 424 727 493 DE
772 422 1126 491 OPTIMO
1178 410 1552 505 GENERE
1597 422 2150 509 ORATORUM,
2192 448 2251 519 7.
2304 462 2306 465 >
2351 420 2496 509 643

362 546 707 644 quoniam
734 542 1259 615 Demosthenes
1290 568 1433 613 nec
1473 547 1584 613 vir
1617 542 1860 615 bonus
1895 560 2110 626 esset,
2137 570 2276 619 nec
2302 545 2496 617 bene

363 658 664 731 meritus
697 652 787 725 de
828 654 1409 731 civitate.†Causa
1444 655 1600 752 ipsa
1641 652 1984 725 abhorret
2027 652 2148 724 illa
2195 658 2493 754 quidem

363 792 405 840 3
432 766 743 839 formula
768 763 1313 837 consuetudinis
1338 778 1639 853 nostrae3
1667 762 1796 835 sed
1821 778 1931 835 est
1957 786 2238 893 magna.
2261 767 2498 839 Habet

364 880 559 951 enim
581 892 654 949 et
678 877 920 975 legum
942 876 1605 973 interpretationem
1633 876 1806 946 satis
1829 890 2116 945 acutam
2134 880 2210 945 in
2235 888 2500 947 utram-

364 1013 513 1087 que
562 1003 875 1086 partem,
930 999 1003 1059 et
1051 987 1471 1057 meritorum
1517 988 1594 1055 in
1632 984 2156 1139 rempublicasm
2198 1002 2501 1058 conten-

364 1098 639 1170 tionem
666 1121 839 1169 sane
858 1100 1461 1193 gravem.1taque
1489 1121 1703 1168 causa
1731 1094 2096 1167 AEschini3
2103 1147 2122 1185 ,
2147 1101 2500 1193 q'uoniam

365 1212 521 1306 ipse
548 1234 589 1280 a
616 1206 1111 1278 Demosthene
1148 1220 1337 1278 esset
1360 1206 1612 1305 capitis
1641 1220 2046 1285 accusatus,
2083 1204 2282 1302 quod
2317 1204 2503 1302 lega·

364 1318 640 1388 tionem
674 1318 1063 1387 ementitus
1114 1331 1339 1404 esset,
1385 1331 1468 1386 ut
1501 1314 1896 1387 ulciscendi
1945 1314 2212 1385 inimici
2257 1339 2501 1403 causa,

369 1427 665 1499 nomine
704 1426 1236 1523 Ctesiphonti5‚
1280 1426 1636 1521 judicium
1678 1424 1887 1496 fieret
1924 1424 2014 1495 de
2047 1422 2250 1495 factis
2281 1421 2505 1495 fama-

368 1560 513 1635 que
541 1537 1075 1608 Demosthenis.
1100 1540 1266 1607 Non
1300 1542 1497 1607 enim
1526 1552 1672 1607 tam
1707 1536 1936 1606 multa
1964 1535 2144 1606 dixit
2171 1534 2263 1606 de
2291 1536 2506 1606 ratio·

367 1646 587 1719 nibus
619 1673 771 1719 non
803 1647 1075 1727 relatis,
1098 1671 1317 1741 quam
1356 1646 1447 1715 de
1482 1672 1612 1733 ec,
1653 1646 1853 1742 quod
1893 1646 2063 1716 civis
2092 1644 2512 1742 improbuS,

368 1771 451 1827 ut
487 1759 849 1853 optimuS‚
902 1755 1231 1825 laudatus
1273 1769 1459 1825 esset
1476 1755 1531 1824 4.

466 1872 667 1937 Hanc
722 1865 1027 1935 multam
1076 1864 1445 1937 AEschines
1482 1890 1526 1936 a
1563 1865 2036 1962 Ctesiphonte
2080 1867 2289 1962 petiit
2323 1888 2503 1964 qua-

372 1976 706 2063 driennio
744 1990 910 2047 ante
940 1974 1254 2072 Philippi
1294 1974 1712 2045 Macedonis
1757 1988 2100 2059 mortem3
2148 1974 2273 2044 sed
2307 1975 2506 2071 judi-

373 2089 567 2159 cium
606 2086 873 2157 factum
932 2100 1036 2155 est
1095 2084 1373 2182 aliquot
1432 2085 1640 2165 annis
1687 2097 1880 2180 post,
1923 2080 2325 2151 Alexandro
2362 2082 2506 2175 jam

369 2198 615 2269 Asiam
655 2210 952 2268 tenente
993 2222 1009 2263 ε
1065 2193 1155 2264 ad
1190 2194 1391 2292 quod
1423 2193 1780 2289 judicium
1817 2216 2214 2261 concursus
2250 2192 2512 2263 dicitur

372 2334 413 2378 e
458 2320 611 2378 tota
650 2308 921 2378 Graecia
960 2302 1191 2376 factus
1228 2329 1407 2376 esse.
1452 2301 1648 2394 Quid
1691 2303 1880 2372 enim
1927 2316 2052 2371 aut
2096 2317 2238 2372 tam
2278 2304 2510 2372 visen-

372 2418 587 2507 dum,
653 2435 780 2490 aut
814 2418 1257 2490 audiendum
1292 2416 1433 2488 fuit
1457 2472 1477 2504 ‚
1515 2442 1738 2514 quam
1781 2437 2232 2486 summorum
2273 2430 2512 2484 orato-

373 2554 536 2600 rurn
572 2530 648 2598 in
695 2531 1107 2626 gravissima
1150 2553 1406 2617 causa,
1451 2539 1783 2599 accurata
1835 2540 1908 2630 et
1962 2525 2350 2594 inimicitiis
2395 2528 2507 2594 in-

371 2662 585 2710 censa
622 2639 1041 2709 contentio?

472 2749 805 2834 Quorum
838 2772 973 2844 ego
1006 2750 1373 2818 orationes
1411 2748 1502 2834 si,
1542 2760 1624 2817 ut
1645 2769 1858 2843 spero
1881 2796 1900 2829 ‚
1933 2746 2031 2815 ita
2063 2727 2519 2842 expressero,

374 2852 766 2922 virtutibus
805 2869 1019 2925 utens
1047 2856 1339 2926 illorum
1374 2853 1759 2940 omnibus,
1802 2851 1878 2922 id
1906 2867 2048 2940 est,
2095 2856 2509 2936 sententiis

377 2977 452 3034 et
485 2987 734 3033 earum
775 2960 1063 3060 figuriS‚
1107 2979 1180 3035 et
1212 2988 1458 3035 rerum
1487 2963 1780 3052 ordine,
1820 2961 2040 3034 verba
2068 2987 2512 3088 persequens

378 3087 706 3162 eatenus,
746 3087 831 3144 ut
866 3099 951 3144 ea
989 3099 1139 3144 non
1179 3054 1624 3146 abhorreant
1650 3100 1692 3144 a
1719 3098 1923 3144 more
1957 3087 2210 3144 nostro
2235 3073 2425 3171 (quae
2454 3077 2512 3144 si

380 3209 419 3255 e
446 3187 693 3282 graecis
722 3184 964 3254 omnia
991 3207 1338 3256 conversa
1364 3209 1520 3255 non
1551 3199 1808 3270 erunt,
1840 3199 2085 3254 tamen
2117 3197 2201 3253 ut
2230 3186 2516 3282 generis

380 3420 497 3468 bene
522 3415 585 3464 de
609 3433 708 3481 rep.
742 3413 1021 3464 meritorum
1037 3450 1054 3475 ,
1092 3431 1197 3464 enm
1225 3415 1405 3464 viderit
1490 3415 1687 3464 sthenes
1699 3429 1898 3466 curator
1912 3423 2066 3470 muris
2078 3417 2456 3468 reficiendisfuit
2471 3441 2516 3481 n,

378 3497 531 3560 legem
546 3531 562 3554 ‚
586 3511 734 3559 qnam
758 3493 841 3543 hic
867 3495 1059 3543 Tullius
1084 3493 1325 3558 respexit,
1351 3505 1404 3544 et
1493 3495 1629 3560 quod
1654 3497 1866 3544 Gmtero
1889 3498 2150 3561 placuerat.

378 3575 527 3624 latine
564 3574 635 3622 sie
672 3573 887 3622 reddidit
906 3608 922 3633 ,
958 3585 1017 3623 ut
1055 3590 1211 3638 prope
1248 3575 1403 3622 verbo
1565 3575 1617 3621 3.
1649 3576 1824 3638 Itaque
1852 3593 2004 3624 cama
2030 3574 2265 3624 AEsehini.
2291 3578 2516 3626 Lambin.

380 3654 612 3703 verbum:
635 3649 716 3702 ἐὰν
750 3652 835 3720 μέν
858 3669 967 3704 τινα.
1002 3653 1024 3703 6
1050 3647 1203 3722 δῆμος
1232 3651 1255 3702 ὁ
1284 3639 1405 3707 Mn-
1499 3673 1524 3698 ι
1543 3668 1684 3701 causa
1722 3663 1884 3701 autem
1925 3655 2020 3703 suit
2059 3655 2321 3702 accusandi
2361 3657 2516 3705 Ctesi·

377 3731 521 3785 ναίων
540 3731 791 3800 στεφανοῖ,
814 3731 861 3781 εἰν
879 3735 940 3799 τῇ
957 3731 1181 3800 ἐκκλησίᾳ
1202 3731 1283 3782 τὸν
1302 3731 1405 3782 στέ-
1493 3732 1726 3797 phontem
1773 3733 1988 3781 AEschini
2002 3770 2018 3795 ,
2063 3733 2296 3797 quoniam
2339 3735 2444 3799 ipse
2487 3753 2515 3782 a

381 3829 526 3878 φανον
550 3809 933 3882 ἀναγορεύεσθαι.
960 3802 1056 3862 Ἐὰν
1085 3806 1145 3862 δι’
1170 3811 1205 3870 ἡ
1227 3809 1370 3874 βουλὴ
1388 3849 1404 3874 ,
1494 3811 1824 3860 Demosthene
1843 3833 1889 3861 n.

386 3891 431 3940 ε’ν
462 3895 531 3960 τῷ
568 3887 898 3960 βουλευτηρίῳ.
934 3893 1148 3942 Onu-r.
1176 3919 1248 3929 —
1266 3895 1408 3941 Hanc
1571 3899 1617 3948 4.
1644 3891 1810 3955 Quod.
1827 3926 1868 3940 ..
1906 3892 2134 3940 laudatus
2161 3905 2296 3941 esset.
2331 3893 2403 3941 De
2428 3894 2520 3942 hac

385 3971 773 4020 emendationem
794 3981 843 4019 et
866 3974 1055 4020 Ernest.
1078 3971 1339 4036 probavit,
1357 3981 1406 4020 et
1497 3987 1644 4019 causa
1669 3969 1850 4019 celebri
1875 3971 1988 4020 vide
2014 3973 2155 4021 Orat.
2195 3988 2302 4036 cap.
2332 3975 2396 4020 28
2416 3989 2431 4031 ;
2459 3973 2519 4020 de

386 4049 580 4098 schfitz.
613 4053 666 4099 in
690 4060 877 4100 textum
900 4050 1083 4098 intulit.
1110 4051 1241 4098 Olim
1263 4051 1404 4098 Lam·
1495 4051 1636 4100 Orat.
1667 4053 1770 4112 111,
1793 4051 1892 4114 563
1920 4051 2050 4100 Plin.
2072 4051 2192 4100 Jun.
2219 4053 2310 4114 Ep.
2337 4053 2418 4110 11,
2457 4051 2518 4113 ὃς

388 4127 532 4177 binus
551 4139 825 4178 correxerat
850 4129 939 4176 «in
960 4145 1047 4178 sua
1070 4129 1203 4178 tribu
1227 4129 1403 4176 Demo·
1495 4129 1608 4179 val.
1639 4133 1777 4180 Max.
1799 4131 1946 4190 vm,
1981 4146 2038 4179 ιο
2055 4165 2069 4193 ,
2102 4147 2146 4178 1.
