2982 4682
750 403 874 474 DE
923 399 1529 485 INVENTIONE,
1578 401 1841 470 LfflER
1886 402 1949 468 ΙΙ
1970 453 1991 486 ,
2035 425 2145 472 22.
2357 405 2489 486 [ι’ίμ

382 522 618 594 multo
659 524 968 592 maxima
1019 527 1184 618 pars
1207 574 1228 607 ‚
1283 545 1440 616 quae
1485 535 1825 618 praetores
1870 520 2147 599 edicere
2196 546 2503 596 consue-

383 643 662 704 runt¹¹.
712 630 1058 722 Quaedam
1103 645 1342 702 autem
1381 629 1647 727 'genera
1690 631 1873 725 juris
1902 631 2051 728 jam
2092 647 2281 703 certa
2326 656 2504 704 con-
2574 623 2579 634 ⁶

383 741 766 814 suetudine
803 740 986 814 facta
1022 755 1195 812 sunt
1229 768 1246 810 x
1285 739 1488 838 quod
1526 765 1754 837 genus
1775 795 1794 829 ‚
1838 753 2127 837 pactum
2152 794 2171 826 ,
2207 765 2359 838 par,
2386 742 2502 836 ju-

383 851 724 922 dicatum.
770 855 1064 922 Pactum
1117 863 1256 935 est,
1295 848 1497 945 quod
1547 850 1739 920 inter
1790 849 2071 944 aliquos
2129 849 2503 936 convenit,

383 960 586 1059 quod
623 963 770 1057 jam
809 964 908 1032 ita
937 959 1212 1056 justum
1255 973 1585 1057 putatur,
1616 973 1705 1029 nt
1740 960 1903 1054 jure
1950 953 2268 1054 praestari
2319 957 2507 1035 dica·

383 1081 610 1140 turn.
651 1073 822 1155 Par,
877 1059 1076 1164 quod
1110 1069 1191 1138 in·
1219 1092 1474 1138 omnes
1514 1065 1861 1164 aequabile
1898 1081 2026 1138 est.
2062 1066 2505 1151 Judicatum,

387 1177 477 1247 de
523 1201 674 1274 quo
705 1177 852 1271 jam
900 1190 1067 1246 ante
1131 1178 1490 1247 sententia
1542 1175 1878 1269 alicujus,
1925 1189 2051 1246 aut
2102 1172 2509 1272 aliquorum

389 1287 856 1356 constitutum
888 1299 1016 1356 est.
1047 1289 1200 1360 Jam
1223 1274 1386 1380 iura
1417 1283 1733 1381 legitima
1761 1308 1851 1355 ex
1869 1283 2152 1381 legibus
2174 1289 2510 1382 cognosc-i

389 1393 780 1491 oportebit.
819 1396 944 1464 His
999 1419 1172 1491 ergo
1225 1419 1310 1464 ex
1365 1393 1691 1492 partibus
1725 1393 1941 1487 juris,
1980 1392 2335 1491 quidquid
2388 1411 2515 1466 aut

391 1527 478 1574 ex
522 1507 670 1600 ipsa
699 1527 818 1591 re,
876 1517 1002 1574 aut
1033 1527 1123 1574 ex
1161 1499 1412 1588 simili,
1458 1518 1585 1574 aut
1628 1528 1714 1574 ex
1753 1505 2021 1596 majore
2046 1500 2107 1547 ¹³
2142 1504 2511 1574 minoreve

392 1615 586 1700 nasci
620 1612 999 1703 videbitur,
1033 1611 1440 1696 attendere,
1477 1626 1697 1708 atque
1739 1611 1995 1684 elicere
2032 1611 2515 1710 pertentando

393 1745 978 1818 unamquamque
1015 1737 1291 1819 partem
1334 1721 1513 1817 juris
1555 1719 1944 1818 oportebit.
1995 1723 2357 1792 Locorum
2394 1717 2517 1792 au-

397 1845 542 1902 tem
583 1836 1078 1902 communium
1100 1887 1120 1919 ,
1149 1819 1499 1929 quoniam
1545 1831 1661 1926 (ut
1698 1845 1865 1902 ante
1899 1829 2169 1902 dictum
2204 1831 2341 1926 est)
2368 1830 2519 1904 duo

395 1955 566 2010 sunt
629 1964 927 2037 genera,
999 1965 1314 2039 quorum
1382 1941 1689 2018 alterum
1751 1939 1990 2011 dubiae
2028 1941 2168 2028 rei,
2212 1940 2516 2011 alterum

394 2065 602 2120 certae
640 2052 970 2121 continet
1005 2048 1633 2146 amplificationem
1656 2103 1677 2136 ‚
1708 2049 1884 2145 quid
1920 2051 2074 2146 ips'a
2110 2073 2319 2121 eausa
2359 2049 2516 2137 det,

395 2173 468 2229 et
501 2157 678 2256 quid
721 2161 968 2256 augeri
1003 2183 1144 2256 per,
1166 2183 1629 2230 communem
1666 2157 1907 2230 locum
1942 2160 2175 2256 possi-t
2196 2174 2270 2228 et
2295 2183 2518 2256 opor·

397 2281 577 2356 teat,
624 2265 1219 2338 considerabitur.
1265 2271 1446 2338 Nam
1483 2269 1691 2365 certi,
1741 2271 1869 2366 qui
1920 2269 1995 2338 in
2047 2292 2301 2338 omnes
2340 2269 2519 2338 inci-

398 2376 604 2464 dant,
641 2376 814 2463 loci,
861 2379 1226 2475 praescribi
1263 2402 1412 2449 non
1457 2394 1765 2476 possunt
1800 2406 1815 2449 :
1858 2384 1929 2451 in
1966 2379 2331 2477 plerisque
2372 2376 2517 2448 for-

399 2500 584 2556 tasse
617 2484 706 2555 ab
733 2488 1236 2589 auctoritate-¹4
1266 2489 1983 2581 jurisconsultorum,
2016 2504 2089 2561 et
2121 2502 2371 2561 contra
2398 2512 2519 2559 au-

400 2597 806 2667 ctoritatem
873 2596 1016 2669 dici
1081 2597 1468 2697 oportebit.
1532 2597 2067 2671 Attendendum
2122 2613 2231 2669 est
2279 2611 2517 2668 autem

401 2775 544 2824 betur
571 2776 928 2838 conductione,
971 2780 1072 2827 hoc
1113 2790 1214 2839 est,
1259 2778 1408 2844 ipsum

400 2854 646 2917 quoddam
677 2858 757 2916 ins
773 2890 788 2915 ‚
821 2874 866 2904 e.
891 2858 970 2917 jus
995 2858 1252 2921 singulare.
1274 2859 1412 2905 Cerea

400 2942 560 2981 nutem
588 2934 698 2993 jura
734 2946 872 2997 eunt,
913 2934 974 2983 de
1016 2936 1193 3000 quibus
1235 2936 1416 3001 ambigi

404 3025 504 3057 non
523 3021 698 3073 potest.
716 3012 791 3060 cf.
819 3013 879 3061 de
901 3016 1006 3063 Inv.
1027 3016 1094 3074 11,
1121 3017 1202 3063 53.
1227 3016 1340 3063 Seu.

479 3106 498 3136 ι
515 3106 559 3138 1.
581 3088 892 3139 &muer-um.
922 3093 1033 3141 Seh.
1052 3104 1414 3141 consueverunt.

479 3184 557 3215 ια.
601 3173 724 3217 Iure
759 3170 993 3235 pra-stari
1032 3171 1277 3219 dicantur.
1319 3174 1416 3220 Pro

403 3247 602 3311 vulgato
645 3249 782 3309 «juri
825 3261 1093 3315 praestare·
1122 3264 1136 3298 :
1183 3248 1319 3312 qnod
1354 3266 1416 3297 ne

404 3340 594 3373 sensum
636 3328 833 3391 quidem
868 3328 1032 3377 habet.
1077 3329 1158 3376 sic
1195 3326 1416 3375 dedimus

405 3405 578 3465 partim
597 3421 624 3453 e
645 3407 790 3467 MSS,
813 3408 898 3471 qui
914 3405 1218 3471 habentjure
1235 3440 1251 3466 ‚
1279 3418 1329 3455 et
1355 3423 1416 3455 ex

405 3481 728 3545 Herenn..11,
761 3487 849 3545 13,
881 3486 966 3535 nbi
994 3486 1160 3533 endem
1197 3484 1416 3535 definitio

405 3568 490 3605 est.
515 3560 744 3613 Oudend.
769 3574 924 3611 tamen
941 3565 1089 3643 8²⁸¹st
1109 3586 1134 3606 ει
1151 3566 1260 3626 jura
1291 3580 1416 3629 prae-

405 3645 528 3683 stare
551 3657 594 3696 n,
621 3641 654 3687 i.
681 3657 725 3688 e.
743 3657 968 3704 superare
983 3659 1008 3690 e
1025 3646 1147 3695 MSS
1166 3643 1304 3691 Leid.
1331 3644 1418 3707 qui

404 3714 473 3761 nic
490 3714 684 3765 habent.
704 3718 799 3767 Sed
821 3720 871 3767 id
900 3736 1002 3769 non
1027 3732 1155 3771 recte
1175 3722 1237 3770 de
1261 3724 1419 3787 puetis

407 3792 598 3841 dieitur.
613 3796 741 3846 Eun.
761 3822 827 3831 —-
841 3800 1020 3848 Contra
1048 3800 1302 3851 Schiitziue
1328 3801 1415 3849 tle-

409 3871 563 3920 rendit
579 3884 629 3921 et
651 3874 757 3935 hic,
778 3888 826 3925 et
847 3877 910 3925 nd
935 3880 1148 3929 Herenn.
1174 3880 1208 3929 l.
1235 3896 1278 3927 e.
1296 3882 1418 3929 scri-

407 3949 625 3999 bendum
646 3970 749 4003 ene
767 3959 910 4017 ajuro
932 3968 1156 4021 μαῖαι-ο
1172 3980 1193 4002 ι
1228 3970 1281 4006 ut
1309 3958 1420 4007 cod.

410 4029 593 4083 Alton-s.
620 4042 670 4081 et
695 4034 882 4098 aliquot
905 4035 1036 4085 ond.

1501 2780 1767 2827 attendere.
1815 2781 1889 2827 lte
1922 2779 2043 2827 Pan.
2083 2778 2239 2827 nostri
2278 2778 2522 2844 comptius

1504 2858 1663 2906 multo
1686 2872 1835 2921 quam
1863 2859 2097 2905 hactenns
2130 2857 2357 2921 vulgata:
2390 2878 2413 2901 ι
2438 2870 2522 2907 ant

1502 2952 1565 2983 ex
1586 2932 1767 2999 majore
1786 2970 1801 2995 ‚
1829 2946 1915 2983 eut
1938 2952 1999 2983 ex
2018 2935 2204 2984 minore
2223 2936 2359 2983 nasei
2384 2936 2522 2985 vide·

1502 3012 1651 3072 bitur,
1678 3029 1916 3077 quemque
1951 3013 2197 3061 attendere
2214 3048 2227 3072 ,
2246 3024 2338 3062 ete.
2357 3036 2378 3056 ι
2412 3032 2523 3063 mm

1504 3090 1657 3139 editio
1676 3092 1828 3155 prime
1848 3112 1873 3131 α
1886 3092 2091 3153 quisque
2115 3092 2363 3141 attendere
2380 3115 2406 3136 ιο
2433 3094 2519 3143 Ιη-

1504 3168 1666 3217 bebnt.
1696 3170 1868 3217 Gaur-

1582 3256 1661 3305 1⁴·
1704 3249 1781 3297 Ab
1822 3246 2119 3295 auctoritate
2151 3247 2525 3313 jurisconsulto·-

1505 3326 1805 3376 raeem...diei
1840 3326 2095 3391 oportebit.
2127 3327 2251 3374 MSS
2282 3327 2415 3377 Ond.
2438 3327 2526 3377 ha-

1504 3405 1623 3455 beat
1658 3405 1801 3466 duci,
1838 3417 1889 3455 et
1917 3406 1987 3453 sie
2014 3404 2132 3453 edd.
2160 3421 2235 3468 pr.
2266 3404 2415 3469 idque
2442 3406 2527 3455 de-

1504 3484 1660 3532 fendit
1678 3484 1905 3531 Oudend.
1928 3492 2170 3547 tamquam
2187 3484 2285 3532 loci
2303 3484 2419 3532 duci
2434 3484 2524 3532 de-

1504 3564 1651 3612 beant
1675 3565 1739 3611 ab
1764 3564 2054 3611 auctoritate
2074 3564 2328 3611 Jctomm.
2354 3564 2450 3649 ὃν
2470 3576 2529 3613 ut

1505 3642 1607 3693 hoo
1635 3642 1841 3707 intelligi
1892 3644 2075 3707 possit,
2112 3654 2279 3691 tamen
2318 3642 2523 3691 alterum

1510 3744 1532 3765 ι
1556 3732 1725 3791 contra
1769 3722 2105 3770 auctoritatem
2120 3744 2147 3763 ι
2196 3736 2300 3769 non
2344 3722 2525 3771 evenit.

1506 3802 1644 3866 Saepe
1656 3812 1728 3849 ent
1742 3801 1793 3848 in
1813 3801 1889 3849 his
1907 3824 1932 3842 κ
1952 3800 2112 3849 dicere
2132 3800 2212 3860 ab,
2226 3809 2275 3847 et
2292 3810 2463 3848 eontra
2482 3820 2525 3860 a,

1509 3881 1543 3927 i.
1599 3897 1641 3929 e.
1691 3880 1946 3929 defendere
2001 3888 2049 3927 et
2090 3878 2325 3926 refellere.
2358 3880 2527 3941 ltaque

1512 3962 1760 4026 vulgatum
1790 3961 2094 4009 servandum.
2126 3962 2375 4007 Hactenus
2404 3962 2524 4011 Ern-

1513 4040 1599 4104 qui
1624 4040 1728 4087 eine
1752 4039 1907 4087 dubio
1926 4054 2093 4085 verum
2113 4038 2251 4085 vidit.
2268 4038 2529 4088 Lambinus

487 4124 506 4157 1
521 4110 569 4158 3.
593 4114 691 4159 Am
705 4128 770 4160 ex
786 4130 850 4161 m.
872 4112 989 4164 min.
1008 4115 1148 4163 nasei
1163 4114 1426 4177 νίάεῠίηαν,
1515 4118 1651 4167 dedit
1682 4134 1694 4167 :
1722 4141 1747 4161 ιι
1762 4134 1855 4183 pro
1893 4118 2177 4168 auctoritate
2207 4117 2529 4181 iurisconsul-
