2982 4682
380 314 421 358 a
439 313 460 358 ι
475 287 520 357 8
1071 291 1168 358 Μ.
1220 292 1297 358 Τ.
1347 291 1831 361 CICERONIS

380 408 684 507 periculi
711 433 880 481 cum
914 411 1198 482 ratione
1234 411 1559 482 utilitatis
1600 426 1675 483 et
1696 411 2286 507 compensatione
2318 433 2519 480 com-

381 519 767 591 modorum
803 548 818 588 :
861 523 1224 596 temeritas
1264 537 1368 593 est
1407 547 1577 594 cum
1620 519 2147 592 inconsiderata
2184 518 2515 590 laborum

381 626 893 730 perpessione6
913 631 1332 728 gladiatoria
1365 631 1855 730 periculorum
1884 631 2245 728 susceptio
2262 661 2317 700 n.
2350 635 2518 701 Haec

380 740 548 813 ideo
591 739 976 814 commoda
1011 757 1314 840 putatur
1355 746 1731 814 exornatio
1758 795 1779 830 ,
1830 742 2028 839 quod
2076 766 2371 812 omnem
2412 744 2515 812 rei

381 852 786 948 cujuspiam
817 851 964 922 vim
989 867 1062 924 et
1093 867 1521 950 potestatem
1554 855 1655 924 ita
1687 851 2001 924 dilucide
2036 851 2422 950 proponit,
2444 865 2519 922 et

381 961 699 1034 breviter
729 963 1073 1061 explicat,
1096 978 1179 1033 ut
1209 989 1452 1061 neque
1479 961 1809 1059 pluribus
1841 960 2081 1032 verbis
2106 961 2517 1057 oportuisse

381 1069 522 1144 dici
545 1071 895 1159 videatur,
921 1097 1161 1170 neque
1187 1074 1497 1145 lucidius
1520 1077 1841 1174 potuisse
1868 1070 2008 1143 dici
2032 1085 2327 1169 putetur
2344 1083 2391 1141 ⁷.

477 1187 734 1253 XXVI.
755 1182 1011 1278 (xxv1.)
1027 1185 1412 1254 Transitio¹
1431 1199 1748 1269 vocatur,
1766 1207 1925 1281 quae
1944 1207 2175 1280 quum
2198 1179 2515 1253 ostendit

378 1293 716 1378 breviter,
738 1291 916 1389 quid
943 1292 1216 1365 dictum
1245 1295 1364 1380 sit,
1391 1285 1740 1392 proponit
1764 1298 1939 1364 item
1968 1291 2189 1374 brevi,
2208 1290 2384 1386 quid
2404 1313 2513 1360 se·

377 1415 686 1498 quatur,
736 1403 878 1473 hoc
913 1402 1134 1474 modo
1168 1429 1186 1474 ε
1229 1408 1358 1474 «ln
1399 1405 1701 1501 patriam
1745 1399 2201 1499 cujusmodi²
2256 1397 2513 1485 fuerit,

378 1510 660 1584 habetis
698 1538 718 1582 ε
763 1537 964 1584 nunc
1001 1515 1076 1584 in
1123 1529 1456 1611 parentes
1487 1512 1725 1610 qualis
1760 1514 2149 1597 exstiterit,
2184 1507 2513 1582 conside·

379 1637 610 1694 rate».
685 1627 864 1694 Item
888 1677 908 1710 ,
955 1653 989 1688 α
1013 1627 1176 1697 Mea
1223 1627 1298 1695 in
1352 1625 1569 1696 istum
1632 1622 1987 1696 beneficia
2040 1622 2513 1718 cognoscitis:

378 1755 576 1804 nunc
593 1787 612 1820 ,
639 1733 1016 1830 quomodo
1043 1736 1175 1805 iste
1209 1734 1389 1806 mihi
1415 1758 1541 1831 gra
1556 1738 1723 1805 tiam
1754 1732 2081 1804 retulerit
2098 1785 2119 1820 ,
2146 1733 2446 1830 accipite
2460 1761 2515 1800 n.

381 1839 677 1913 Proficit
734 1842 888 1914 haec
948 1837 1537 1942 aliquantulum-⁹·
1576 1843 1951 1915 exornatio
1994 1841 2081 1912 ad
2126 1840 2303 1912 duas
2348 1865 2515 1913 res:

379 1975 548 2020 nam
587 1965 660 2022 et
687 1952 864 2049 quid
902 1951 1164 2024 dixerit
1201 1970 1659 2040 commonet,
1697 1968 1770 2024 et
1806 1951 1895 2054 ad
1932 1952 2295 2047 reliquum
2325 1974 2517 2022 com-

376 2076 581 2159 parat
617 2063 1042 2134 auditorem.

477 2175 850 2249 Correctio
885 2188 993 2244 est
1011 2177 1068 2261 4,
1112 2199 1274 2271 quae
1308 2175 1499 2246 tollit
1542 2175 1615 2246 id
1640 2229 1659 2260 ,
1704 2172 1903 2270 quod
1942 2173 2217 2245 dictum
2263 2185 2408 2256 est,
2442 2185 2515 2242 et

381 2308 518 2381 pro
545 2308 634 2355 eo
659 2283 732 2355 id
753 2337 774 2371 ,
817 2283 1020 2384 quod
1042 2288 1266 2383 magis
1291 2288 1639 2359 idoneum
1665 2287 1979 2373 videtur,
2012 2283 2341 2383 reponit,
2374 2282 2517 2354 hoc

381 2406 629 2491 pacto:
661 2424 695 2459 α
715 2394 934 2485 Quod
954 2395 1009 2466 si
1040 2398 1172 2467 iste
1199 2422 1370 2469 suos
1399 2398 1722 2494 hospites
1757 2410 2110 2495 rogasset,
2146 2396 2368 2465 immo
2403 2395 2515 2464 in-

377 2506 652 2577 nuisset
679 2500 904 2576 modo
921 2502 974 2595 ⁵,
1001 2502 1144 2578 hoc
1171 2505 1378 2579 facile
1416 2506 1669 2607 perfici
1708 2522 1949 2605 posset
1960 2536 2013 2575 n.
2041 2510 2223 2576 Item
2240 2559 2260 2591 ,
2288 2504 2515 2574 «Nam

447 2717 498 2764 6.
519 2716 762 2765 Laborum
775 2718 1105 2783 perpessione.
1125 2740 1148 2763 ι
1161 2718 1400 2767 Dolomm

375 2796 726 2861 perpessione»
756 2798 884 2847 Mss
907 2798 1104 2863 quidam
1121 2833 1137 2859 ,
1161 2798 1404 2865 probante

376 2874 606 2924 Oudend.
632 2878 753 2926 Seu.

453 2971 500 3015 7.
527 2956 702 3019 Neque
719 2955 939 3020 pluribus
955 2956 1119 3005 verbis
1145 2956 1408 3023 oportuisse

378 3031 480 3080 dice·
502 3031 754 3095 videatur,
777 3050 941 3100 neque
965 3036 1170 3084 lucidius
1196 3036 1407 3100 potuisse

379 3110 483 3159 diei
507 3122 721 3177 putetur.
751 3113 866 3163 Sch.
905 3131 960 3177 ea
1003 3116 1075 3163 sic
1119 3116 1400 3165 contraxit:

380 3191 593 3254 -Neque
629 3190 854 3255 pluribus
889 3193 1051 3241 verbis
1096 3196 1400 3259 oportuisse,

379 3284 537 3332 neque
548 3268 758 3317 lucidius
777 3272 992 3335 potuisse
1011 3272 1108 3319 diei
1127 3273 1349 3322 videatur
1359 3296 1400 3320 ιο.

451 3348 644 3396 xxvl.
678 3364 722 3397 1.
756 3348 1014 3399 stmieio.
1037 3351 1130 3398 Hic
1154 3353 1312 3416 agitur
1343 3352 1404 3399 de

379 3429 696 3476 exornatione
739 3428 823 3477 illa
863 3445 1008 3493 quam
1052 3432 1211 3480 Graeci
1251 3430 1404 3501 ματ-α’·

379 3520 518 3561 caet*
545 3516 746 3565 vocant,
766 3524 876 3571 quoe
894 3508 1060 3557 differt
1083 3526 1111 3557 a
1133 3513 1378 3560 metastasi
1393 3546 1408 3573 ,

382 3584 698 3633 translatione
725 3587 974 3648 criminis,
1011 3589 1071 3636 de
1101 3606 1197 3655 qua
1226 3593 1403 3654 Quint.

386 3663 518 3722 vn,
549 3672 597 3720 4.
633 3664 771 3714 J.‘V.
799 3668 853 3713 1..
887 3668 1052 3716 ——De
1083 3670 1248 3718 eadem
1278 3688 1406 3735 resp.

385 3742 460 3799 11,
497 3738 581 3792 15.

456 3836 507 3868 a.
535 3822 639 3871 Hoe
681 3824 826 3874 modo
850 3842 870 3873 .·
914 3826 966 3875 in
997 3826 1218 3891 patriam
1254 3827 1407 3893 eujus·

387 3898 532 3947 modc'.
565 3902 646 3951 Sic
681 3902 834 3953 libros
859 3918 1058 3955 nostros
1085 3908 1210 3956 Mss
1238 3908 1404 3971 sequi·

387 3994 536 4027 mur:
573 3996 673 4031 vox
701 3983 923 4032 addenda
963 3996 1036 4033 est
1076 4002 1205 4043 una3
1258 3987 1404 4035 altera

388 4062 744 4124 transponenda
778 4076 790 4111 τ
829 4064 950 4111 Pau.
983 4064 1111 4112 enim
1151 4080 1319 4113 omnes
1357 4078 1407 4114 et

1489 2717 1645 2766 Bruil.
1668 2739 1691 2761 ι
1706 2716 1805 2765 hoe
1822 2728 1970 2782 pacto
1986 2730 2001 2765 :
2020 2716 2171 2765 modo
2192 2716 2246 2763 in
2260 2714 2515 2780 patriam».

1494 2798 1860 2859 Garun—Qua
1877 2796 2025 2844 lectio
2044 2794 2265 2860 placebat
2282 2793 2515 2841 Oudend.

1494 2877 1753 2940 vulgatam
1774 2892 1933 2925 veram
1956 2892 2057 2924 esse
2074 2876 2187 2923 Sch-
2209 2872 2480 2939 profitetur.

1568 2956 1620 3003 3.
1650 2956 2021 3019 Aliquantulum
2038 2956 2151 3003 Hoc
2176 2968 2267 3017 pro
2290 2952 2517 3016 aliquan·

1494 3044 1594 3082 eum
1629 3051 1656 3082 e
1694 3036 1819 3083 Mss
1848 3034 2139 3099 quibusdam
2168 3044 2218 3081 et
2244 3032 2358 3080 edd.
2388 3032 2513 3079 anti·

1491 3114 1603 3177 quia
1639 3112 1773 3171 dedi3
1809 3116 1923 3179 quia
1962 3125 2034 3162 eat
2069 3113 2231 3177 aptius
2266 3111 2355 3159 rei.
2392 3110 2513 3157 Nam

1491 3193 1802 3258 aliquantum
1836 3194 1945 3259 plus
1981 3191 2221 3258 signifieat
2256 3205 2398 3254 quam
2436 3204 2513 3236 se-

1490 3273 1689 3336 quentia
1709 3274 1975 3337 patiuntur.
1994 3274 2237 3321 Dicuntur
2254 3271 2382 3318 enim
2410 3280 2514 3317 tan·

1491 3362 1598 3399 tum
1633 3353 1978 3401 commonendi
2008 3361 2059 3400 et
2083 3348 2391 3415 praeparandi
2417 3347 2515 3394 vim

1494 3430 1690 3480 hahere.
1718 3434 1845 3482 Ean.

1568 3524 1619 3569 4.
1665 3512 1923 3561 Cor-rectio.
1963 3512 2131 3560 Graece
2174 3506 2517 3575 ἐπανόρθωσις,

1497 3593 1636 3653 eujus
1675 3592 1898 3657 exempla
1938 3591 2051 3639 vide
2094 3588 2203 3639 Cic.
2240 3602 2333 3653 pro
2368 3586 2516 3632 Rosc.

1494 3672 1606 3720 Am.
1630 3670 1724 3729 463
1752 3688 1843 3737 pro
1868 3674 2017 3719 Roec.
2036 3684 2164 3717 com.
2188 3668 2247 3725 ὃς
2270 3680 2363 3731 pro
2388 3668 2518 3712 sext.

1496 3750 1585 3810 513
1619 3766 1715 3814 pro
1750 3750 1913 3798 Plane.
1946 3764 2044 3806 ²03
2085 3764 2179 3813 pro
2204 3749 2369 3794 Domo
2399 3758 2518 3797 sna.

1496 3830 1592 3889 463
1625 3844 1716 3892 pro
1753 3828 1974 3891 Ligario,
2014 3842 2077 3890 93
2116 3825 2327 3889 Philipp.
2354 3824 2434 3881 11,
2459 3830 2519 3877 4.

1500 3922 1581 3969 17,
1600 3918 1691 3956 etc.
1720 3910 1773 3956 J.
1791 3910 1854 3954 V.
1878 3908 1932 3955 L.

1566 3987 1593 4032 5
1607 4021 1617 4032 .
1632 3987 1789 4033 Immo
1806 3986 2043 4034 innuisset
2054 3985 2219 4031 modo.
2240 3986 2383 4030 Fatue
2398 3978 2520 4027 editi

1495 4082 1522 4113 a
1546 4064 1784 4113 Lambino
1824 4086 1851 4106 a·
1872 4066 1913 4111 si
1951 4063 2214 4112 invenisset
2235 4076 2291 4119 -3
2327 4058 2523 4107 stultius
