2982 4682
475 348 613 437 564
1186 344 1868 415 ARGUMENTUM.

782 482 835 545 β.
860 473 927 527 In
954 466 1303 544 conjunctis,
1328 464 1433 525 ubi
1462 477 1759 543 spectatur
1785 482 2090 535 numerus,
2123 466 2474 525 consecutio.

782 612 834 662 γ.
858 587 927 641 In
954 581 1025 641 iis
1051 600 1181 659 quae
1216 592 1353 639 sunt
1394 579 1743 657 simplicium
1769 591 1828 635 et
1869 577 2310 654 conjunctorum
2339 598 2608 640 commu-

864 677 993 750 nia,
1036 690 1103 734 ut
1150 676 1224 735 sit
1266 676 1459 735 oratio
1505 674 1792 746 dilucida,
1819 672 2043 743 brevis,
2070 672 2422 753 probabilis,
2463 677 2604 734 iuu-

843 774 1028 845 ¹stria,
1056 772 1278 843 suavis,
1306 791 1435 850 cap.
1462 772 1520 829 6.
2083 766 2097 777 ’

704 888 763 948 b.
788 894 989 947 Genus
1011 887 1295 945 orationis
1314 904 1657 945 conversum
1682 905 1748 943 ac
1775 897 2074 947 mutatum.

625 1002 694 1075 10⁰
723 1004 895 1063 Actio
920 1015 979 1062 et

628 1117 700 1177 5⁰
724 1116 1007 1175 Memoria
1022 1159 1039 1189 ‚
1068 1116 1141 1174 de
1166 1115 1381 1194 quibus
1408 1114 1746 1174 brevissime
1771 1113 2178 1193 respondetur,
2205 1133 2329 1191 cap.
2353 1134 2402 1187 7.

478 1280 551 1333 n.
580 1260 866 1353 Praecpta
888 1275 961 1331 de
988 1256 1283 1344 oratione,
1314 1289 1442 1347 cap.
1471 1270 1508 1328 8
1525 1315 1541 1341 ,
1569 1290 1694 1348 sqq.
1719 1276 1856 1331 Haec
1881 1271 2173 1348 pertinent

640 1404 690 1458 ι’
712 1400 807 1461 Ad
834 1398 1100 1471 exordia,
1127 1416 1229 1456 sen
1256 1398 1572 1475 principia,
1606 1418 1732 1477 cap.
1757 1400 1810 1455 8.

634 1512 704 1571 2⁰
723 1513 815 1572 Ad
842 1511 1266 1583 narrationem,
1294 1530 1419 1589 cap.
1442 1532 1500 1587 9.
2415 1588 2422 1597 ,

628 1626 697 1685 3ο
728 1626 819 1686 Ad
842 1624 1336 1683 confirmationem
1362 1637 1420 1682 et
1445 1622 1961 1703 reprehensionem
1981 1667 1998 1697 ,
2023 1622 2126 1683 ubi
2161 1624 2443 1702 quaeritur

707 1760 758 1797 a.
782 1742 874 1797 De
898 1738 1235 1828 inventione
1258 1738 1524 1798 locorum

792 1883 841 1915 α..
864 1856 932 1911 In
963 1850 1431 1926 confirmatione,
1470 1852 1573 1930 qui
1607 1864 1741 1911 sunt
1778 1853 1892 1910 loci
1924 1852 2308 1930 conjecturat,
2343 1872 2469 1931 cap.
2499 1873 2602 1923 103

868 1945 1254 2018 definitionis,
1290 1964 1417 2023 cap.
1448 1966 1547 2017 ¹¹3
1579 1946 1854 2021 rationis,
1882 1966 2009 2025 cap.
2042 1966 2130 2005 ια.

800 2072 853 2137 β.
875 2064 943 2119 In
964 2060 1440 2139 reprehensione,
1468 2080 1598 2140 cap.
1625 2082 1648 2117 1
1663 2062 1716 2120 3.·
1741 2028 1760 2037 -

712 2176 769 2233 b.
794 2180 883 2237 De
908 2176 1249 2235 tractatione
1268 2188 1744 2253 argumentorum
1759 2218 1776 2248 ,
1807 2194 1934 2254 cap.
1963 2184 2054 2245 ιι..

642 2288 701 2362 4⁹
720 2289 808 2351 Ad
842 2288 1275 2370 perorationem
1288 2332 1309 2362 ,
1342 2289 1445 2348 ubi
1476 2289 1670 2370 agitur

719 2425 775 2462 a.
796 2408 885 2462 De
912 2401 1355 2480 amplificatione
1381 2401 1725 2475 verborum,
1757 2421 1884 2481 cap.
1915 2403 2007 2476 15,
2031 2417 2090 2462 et
2111 2423 2338 2476 rerum,
2359 2423 2487 2482 cap.
2517 2407 2604 2462 ιδ.

722 2517 784 2575 b.
809 2523 897 2578 De
924 2515 1393 2587 enumeratione,
1420 2534 1550 2592 cap.
1575 2536 1664 2588 17.

486 2678 593 2733 111.
631 2675 920 2746 Praecepta
962 2665 1036 2724 de
1074 2662 1522 2743 quaestionibus,
1558 2683 1685 2741 cap.
1732 2665 1827 2737 18,
1860 2683 2020 2744 seqq.
2050 2685 2297 2744 quarum
2330 2666 2448 2726 duo
2478 2681 2610 2729 sunt

570 2786 814 2848 genera:

656 2879 720 2939 ι’
742 2879 1069 2950 Infinitum,
1096 2865 1197 2935 εειί
1226 2876 1590 2955 propositum
1606 2919 1623 2949 ,
1665 2874 1828 2953 cujus
1856 2876 1974 2934 duo
2003 2889 2134 2935 sunt
2158 2896 2395 2956 genera,

725 3016 776 3052 a.
801 2991 1191 3072 Cognitionis,
1216 2989 1320 3050 ubi
1342 2990 1650 3070 queritur:

810 3136 863 3169 α.
888 3105 975 3165 Sit
1000 3103 1254 3181 aliquid,
1280 3123 1494 3176 necne,
1523 3123 1654 3182 cap.
1689 3104 1792 3175 183
1823 3103 1884 3162 in
1919 3123 2110 3182 eoque
2136 3117 2445 3184 praeterea,
2471 3125 2610 3186 pos—

892 3201 1041 3260 sitne
1076 3198 1294 3277 aliquid
1324 3199 1508 3272 effici,
1533 3198 2025 3277 quemadmodum
2047 3200 2306 3280 quidque
2327 3203 2442 3262 flat.

828 3328 879 3392 β.
913 3313 1069 3388 Quid
1120 3313 1221 3382 sit,
1273 3331 1399 3389 cap.
1439 3333 1531 3388 19.
1574 3311 1750 3372 Aliud
1802 3332 1876 3371 an
1937 3313 2088 3372 idem
2135 3316 2246 3386 sit,
2301 3314 2613 3395 descriptio

890 3429 1133 3490 generis.

810 3559 864 3611 γ.
892 3525 1077 3600 Quale
1108 3523 1199 3581 sit.
1232 3521 1623 3600 Simpliciter:
1649 3505 1986 3596 honestum,
2026 3523 2200 3596 utile,
2238 3543 2485 3603 aequum.
2527 3527 2615 3584 Ex

890 3619 1323 3699 comparatione
1348 3642 1362 3676 :
1392 3617 1538 3697 quid
1563 3619 1894 3692 Ιιοιιωῑίιιε,
1921 3619 2119 3680 utilius
2137 3667 2154 3694 ,
2183 3621 2418 3700 aquius.

734 3742 794 3799 b.
821 3734 1113 3806 Actionis,
1163 3753 1293 3812 cap.
1337 3751 1431 3790 ao.
1472 3732 1571 3791 Ad
1615 3733 1897 3792 rationem
1945 3733 2154 3807 officii,
2205 3735 2280 3793 ad
2331 3735 2618 3796 sedandos

812 3852 1055 3894 ammos.

658 3954 723 4014 2⁰
745 3951 997 4014 Finitum
1015 3993 1033 4021 ,
1054 3967 1157 4006 seu
1180 3965 1387 4017 causa,
1410 3963 1542 4024 cap.
1573 3966 1666 4005 πο.
1690 3946 1876 4024 Hujus
1897 3965 2106 4024 genera
2133 3961 2264 4005 sunt

729 4087 779 4125 a.
814 4063 1167 4131 Exci-natio,
1201 4059 1365 4137 cujus
1390 4077 1570 4137 quum
1603 4061 1721 4118 sint
1751 4061 1918 4136 plura
1964 4035 2021 4119 et
2049 4062 2210 4120 varia
2237 4081 2477 4140 genera,
2519 4062 2618 4122 hic
