2982 4682
776 359 901 428 DE
944 357 1556 442 mvENTmNE,
1605 357 1870 426 LmER
1912 357 1983 442 1,
2037 354 2152 440 34.
2197 315 2202 320 ’
2379 351 2520 442 345
2597 383 2602 386 -

402 481 607 552 istius
639 477 937 550 honoris
984 475 1189 549 causa
1234 477 1421 550 hanc
1460 477 1788 550 eamdem
1825 479 2324 574 exceptionem
2351 532 2370 562 ‚
2405 477 2522 546 in-

400 590 601 684 jussu
629 586 919 685 populi,
947 585 1036 659 ad
1068 587 1297 685 legem
1324 586 1630 659 adscribi
1647 586 1986 682 jubeatis,
2013 585 2328 684 populus
2343 585 2522 658 The-

404 695 635 767 banus
660 695 735 766 id
760 698 1163 794 patieturne
1192 696 1387 768 fieri?
1422 695 1752 770 Profecto
1777 721 1928 768 non
1955 696 2284 792 patietur.
2307 697 2522 785 Quod

406 828 579 899 ergo
604 803 915 876 adscribi
946 805 1033 876 ad
1070 806 1299 902 legem
1342 805 1544 878 nefas
1579 820 1722 894 est,
1763 805 1836 876 id
1877 806 2084 903 sequi
2111 859 2129 892 ‚
2163 807 2367 901 quasi
2399 806 2518 874 ad-

406 915 747 1012 scriptum
790 917 880 986 sit
900 969 919 1002 ‚
970 930 1245 988 rectum
1290 916 1496 988 vobis
1527 917 1856 988 videatur
1875 905 1951 984 ⁵?
1991 919 2176 986 Novi
2217 929 2522 986 vestram

402 1023 985 1120 intelligentiam,
1030 1050 1179 1096 non
1226 1040 1463 1123 potest
1505 1028 1604 1098 ita
1640 1025 1904 1112 videri,
1952 1024 2253 1121 judices.
2302 1024 2520 1115 Quod

404 1133 701 1228 siliteris
722 1136 979 1232 corrigi
1018 1159 1259 1231 neque
1286 1134 1377 1206 ab
1406 1136 1531 1207 illo
1553 1191 1574 1222 ,
1596 1159 1836 1233 neque
1866 1160 1906 1204 a
1941 1133 2142 1209 vobis
2161 1135 2528 1239 scriptoris

402 1241 735 1313 voluntas
768 1257 1047 1340 potest3
1076 1244 1317 1316 videte
1338 1297 1359 1330 ‚
1384 1270 1475 1317 ne
1505 1244 1738 1316 multo
1777 1244 2144 1341 indignius
2175 1240 2268 1312 sit
2287 1296 2306 1327 ‚
2333 1240 2407 1312 id
2444 1267 2535 1312 re

404 1364 475 1421 et
491 1349 773 1444 judicio
806 1367 1047 1423 vestro
1082 1355 1369 1438 mutari,
1388 1355 1586 1450 quod
1624 1379 1722 1448 ne,
1741 1351 1972 1426 verbo
2001 1352 2296 1450 quidem
2325 1375 2524 1422 com-

404 1462 663 1533 mutari
690 1475 928 1558 potest
942 1454 1121 1532 »ssAc
1150 1461 1241 1534 de
1268 1464 1690 1536 inductione
1714 1463 2008 1561 quidem
2035 1466 2203 1534 satis
2233 1464 2308 1533 in
2346 1486 2524 1558 prae·

400 1571 625 1642 semia
660 1571 933 1644 dictum
968 1572 1272 1644 videtur.
1314 1577 1530 1646 Nunc
1575 1575 1916 1672 deinceps
1961 1573 2524 1646 ratiocinationis

330 1769 341 1778 ο
400 1685 545 1754 vim
574 1697 647 1752 et
680 1697 1007 1754 naturam
1046 1685 1604 1756 consideremus.

494 1797 813 1864 XXXIV.
846 1793 1143 1889 (xxxiv.)
1177 1796 1652 1866 Ratiocinatio
1683 1806 1794 1865 est
1823 1795 2056 1865 oratio
2077 1805 2096 1838 ¹
2135 1793 2408 1891 ex'ipsa
2445 1819 2526 1866 re

399 1901 771 1999 probabile
788 1903 1057 2000 aliquid
1079 1904 1373 1976 eliciens
1388 1959 1405 1990 ,
1423 1904 1622 2001 quod
1645 1905 2046 2004 expositum
2071 1918 2142 1974 et
2164 1927 2296 2000 per
2321 1927 2396 1972 se
2419 1927 2531 1976 co-

397 2013 711 2107 gnitum,
748 2037 874 2083 sua
901 2036 977 2082 se
993 2013 1063 2082 vi
1086 2027 1159 2084 et
1190 2017 1471 2084 ratione
1509 2012 1909 2085 confirmet.
1937 2019 2092 2083 Hoc
2127 2011 2218 2081 de
2261 2036 2525 2108 genere

396 2124 525 2218 qui
552 2122 963 2218 diligentius
980 2121 1584 2194 considerandum
1603 2135 2036 2220 putaverunt
2049 2175 2068 2205 ‚
2087 2144 2316 2216 quum
2332 2120 2524 2191 idem

392 2255 531 2302 usu
580 2231 867 2302 dicendi
908 2237 1413 2328 sequerentur,
1467 2232 1868 2331 paullulum
1925 2234 2000 2303 in
2059 2229 2524 2329 praecipiendi

394 2345 672 2413 ratione
700 2341 1211 2415 dissenserunt.
1244 2348 1424 2417 Nam
1452 2344 1714 2442 partim
1740 2343 2070 2440 quinque
2099 2344 2254 2437 ejus
2285 2356 2524 2438 partes

396 2476 549 2523 esse
582 2452 962 2535 dixerunt,
1001 2456 1263 2550 partim
1300 2479 1451 2525 non
1490 2453 1690 2551 pluS‚
1733 2477 1952 2552 quam
1989 2457 2064 2523 in
2099 2466 2244 2523 tres
2285 2466 2523 2549 partes

394 2586 607 2659 posse
626 2561 957 2633 distribui
987 2578 1445 2661 putaverunt.
1480 2568 1752 2635 Eorum
1784 2564 2345 2636 controversiam
2373 2585 2522 2632 non

394 2670 930 2743 incommodum
986 2672 1287 2745 videtur·
1328 2698 1496 2744 cum
1537 2690 2018 2770 utrorumque
2067 2673 2524 2743 ratione-ex-

399 2805 691 2878 ponere.
722 2785 903 2853 Nam
932 2796 1007 2853 et
1030 2779 1269 2854 brevis
1305 2797 1415 2855 est
1434 2838 1453 2869 ‚
1476 2798 1554 2855 et
1583 2810 1734 2855 non
1767 2782 2166 2878 ejusmodi,
2203 2797 2287 2853 ut
2324 2782 2526 2853 alteri

408 2915 697 2988 prorsus
750 2893 928 2963 nihil
972 2880 1211 2965 dicere
1246 2910 1623 2992 putentur,
1669 2910 1740 2966 et
1778 2896 1978 2965 locus
2021 2894 2138 2965 hic
2183 2893 2398 2965 nobis
2449 2894 2522 2965 in

395 3000 705 3073 dicendo
742 3004 1035 3074 minime
1073 3005 1547 3103 negligendus
1590 3005 1894 3076 videtur.

444 3154 449 3161 ·
492 3113 633 3200 Qui
669 3125 925 3209 putant
966 3116 1041 3183 iu
1078 3117 1449 3212 quiuque²
1485 3108 1864 3189 distribui³
1899 3131 2132 3214 partes
2159 3131 2526 3215 oportere,

464 3296 512 3341 5.
532 3296 729 3344 Rectum
746 3296 891 3346 ‘vobis
912 3294 1185 3345 videatur?
1202 3299 1263 3344 In
1281 3298 1409 3345 MSS

390 3372 539 3422 etei-m
562 3376 696 3425 cm.
718 3378 815 3425 Gn.
840 3394 895 3435 1,
918 3392 983 3435 a,
1008 3374 1197 3423 etedd.
1226 3388 1411 3425 veteres

392 3468 495 3500 non
522 3464 804 3504 «rectumne
822 3456 963 3504 vobis
984 3454 1239 3503 videtui-»2
1262 3455 1409 3519 idque

389 3530 531 3581 etiem
548 3548 691 3581 sensu
710 3533 897 3583 melina.
919 3536 1050 3583 Ena.
1066 3556 1137 3571 -·—
1150 3534 1411 3583 Lambinu-

388 3623 611 3660 uectum
648 3612 790 3661 vbbin
826 3612 1099 3661 videtui-i*-
1122 3612 1235 3660 cod.
1264 3613 1407 3663 Leid.

271 3740 282 3747 ,
390 3704 421 3737 2
436 3720 455 3747 ‚
474 3710 499 3731 ι
512 3700 669 3737 ratum
690 3691 833 3739 vobis
854 3692 1137 3753 videatur-3
1160 3692 1247 3741 sed
1266 3692 1409 3741 unice

388 3784 501 3815 vera
514 3780 585 3815 ot
602 3770 681 3816 illa
697 3770 845 3819 lectio
864 3786 1011 3834 quam
1030 3770 1269 3819 dedimus.
1288 3772 1405 3819 Son.

456 3848 699 3894 xxxlv.
730 3864 773 3895 ι.
800 3848 1127 3897 Ratiocinatio
1146 3860 1219 3897 ese
1234 3850 1409 3897 oratio.

392 3924 800 3974 Ratiocinationis
838 3928 1035 3976 nomine
1066 3928 1411 3992 complectitur

391 4004 473 4051 hio
499 4004 691 4053 'rullius
730 4007 893 4054 omnia
912 4022 1025 4070 qna
1044 4008 1203 4056 amai
1224 4002 1411 4075 ἂνωμῆ·

385 4098 542 4149 ματα,
558 4080 925 4151 ἐπιχειρήματα,
934 4081 1203 4143 dueentem
1216 4098 1409 4146 vocant,

1497 3314 1790 3364 quamquam
1813 3296 1948 3361 apud
1986 3298 2098 3347 illos
2123 3308 2198 3345 ent
2233 3299 2396 3364 nliqm
2419 3301 2528 3359 ‚hm

1497 3394 1606 3427 rum
1633 3380 1888 3427 nominum
1915 3378 2208 3426 differentia.
2229 3379 2434 3427 Etiamsi
2455 3380 2528 3429 vin

1499 3458 1670 3505 eodem
1693 3458 1792 3505 fere
1827 3457 1999 3505 tendit.
2020 3456 2196 3505 Verbis
2221 3468 2336 3505 utor
2365 3459 2526 3519 Quin-

1497 3535 1676 3597 titiani,
1695 3537 1778 3598 qui
1801 3536 1862 3584 de
1887 3535 1964 3583 his
1985 3538 2185 3599 copiose
2204 3537 2332 3598 agie,
2355 3536 2522 3595 lib.v‚

1499 3628 1607 3678 cap.
1633 3629 1712 3662 ιο.
1749 3616 1974 3663 Carnu.
2003 3642 2072 3651 —
2099 3614 2308 3677 Respice
2339 3614 2402 3661 ad
2429 3627 2526 3663 no·

1499 3694 1598 3740 tam
1621 3707 1668 3749 1,
1693 3706 1806 3755 cap.
1827 3692 1912 3739 31.

1577 3786 1624 3819 a.
1655 3770 1904 3835 Quinque.
1933 3772 2078 3823 Cons-
2107 3774 2224 3819 Her.
2247 3775 2296 3820 11
2313 3806 2332 3831 ,
2359 3774 2418 3820 18
2435 3806 2450 3829 ,
2479 3785 2528 3823 et

1501 3850 1674 3911 Quint.
1689 3851 1755 3909 V,
1789 3860 1870 3906 ιι.

1574 3929 1620 3975 3.
1657 3925 1911 3976 Distribue'.
1939 3925 2138 3977 sohiitz.
2169 3927 2322 3975 tribui
2351 3944 2379 3976 e
2412 3930 2527 3979 cod.

1501 4006 1644 4055 Leid-
1693 4008 1740 4054 3.
1779 4007 1934 4071 Quod
1973 4008 2074 4066 jam
2129 4008 2321 4055 Ernesti
2373 4007 2530 4059 libens

1501 4086 1788 4151 praetulerit.
