2982 4682
510 446 517 454 -
574 392 717 465 638
1258 392 1354 459 Μ.
1404 392 1480 456 Τ.
1533 390 2018 473 CICERONIS

583 538 729 616 que
764 526 1277 585 contemnere.
1317 508 1390 607 id
1418 534 1592 581 vero
1627 509 1956 583 desinant
1993 508 2278 599 dicere,
2313 514 2444 609 qui
2471 512 2704 585 subti-

581 627 755 697 liter
786 618 1080 693 dicant⁴
1102 671 1121 707 ‚
1171 644 1325 693 eos.
1345 618 1542 691 solos
1601 622 1828 691 attice
1868 619 2142 708 dicere,
2178 619 2254 691 id
2305 638 2458 709 est,
2499 631 2706 720 quasi

580 739 767 805 sicce
810 748 882 805 et
924 726 1273 828 integre⁵.
1318 736 1409 801 At
1448 730 1725 827 ample,
1779 744 1851 806 et
1903 742 2189 819 emate,
2247 746 2322 802 et
2373 734 2704 830 copiose,

584 868 747 915 cum
789 840 1037 915 euclem
1064 840 1465 936 integritate
1486 894 1508 928 ,
1537 841 1934 913 Atticorum
1967 855 2100 913 est.
2131 840 2326 931 Quid
2347 843 2376 912 Ρ
2397 840 2699 915 dubium

574 967 719 1040 est,
752 966 995 1023 utrum
1048 950 1451 1023 orationem
1497 964 1818 1021 nostram
1876 942 2324 1023 tolerabilem
2374 944 2700 1043 tantum,

574 1086 669 1135 au
698 1065 911 1134 ctiam
954 1058 1449 1131 admirabilem
1493 1082 1646 1133 esse
1679 1060 2098 1167 cupiamus?
2129 1064 2296 1133 Non
2335 1065 2530 1134 euim
2553 1065 2700 1159 jam

582 1172 1002 1271 quaerimus,
1031 1168 1207 1267 quid
1240 1171 1333 1241 sit
1364 1174 1620 1257 attice,
1655 1156 1783 1241 sed
1811 1168 1986 1267 quid
2018 1171 2110 1241 sit
2135 1172 2414 1267 optime
2441 1171 2702 1245 dicere.

580 1288 687 1357 Ex
740 1308 889 1381 quo
936 1280 1380 1378 intelligitur,
1446 1280 1794 1375 quoniam
1849 1283 2270 1351 Graecorum
2331 1295 2702 1353 oratorum

580 1390 1355 1492 praestantissimi-sunt
1391 1388 1497 1475 ii,·
1522 1390 1652 1484 qui
1691 1386 1990 1460 fuerunt
2035 1388 2384 1479 Athenis;
2449 1416 2698 1463 eorum

580 1518 821 1583 autem
866 1502 1199 1597 princeps
1258 1495 1475 1569 facile·
1518 1497 2046 1569 Demosthenes
2065 1494 2146 1569 ⁶:
2191 1497 2392 1571 hunc
2434 1500 2494 1569 si
2541 1502 2704 1596 quis

582 1615 925 1695 imitetur,
962 1632 1131 1679 eum
1164 1619 1239 1677 et
1254 1610 1465 1682 attice
1493 1605 1853 1679 dicturum
1878 1662 1897 1695 ,
1935 1621 2009 1684 et
2035 1612 2354 1706 optime:
2388 1624 2506 1695 ut,
2529 1634 2706 1706 quo-

584 1720 775 1791 niam
808 1718 1019 1789 Attici
1058 1715 1273 1787 nobis
1300 1716 1652 1814 propositi
1683 1730 1854 1788 sunt
1887 1716 1977 1787 ad
2013 1717 2442 1790 imitandum
2465 1774 2487 1807 ,
2519 1718 2706 1791 bene

582 1828 852 1915 dicere,
876 1824 951 1897 id
986 1826 1075 1897 sit
1111 1828 1334 1925 attice,
1352 1824 1613 1899 dicere.

679 1942 765 2009 V.
800 1938 931 2034 (v.)
962 1936 1103 2013 Sed
1136 1960 1361 2033 quum
1410 1939 1485 2007 in
1529 1961 1618 2008 eo
1649 1960 1952 2033 magnus
1992 1961 2194 2007 error
2227 1952 2452 2025 esset,
2493 1937 2706 2034 quale

588 2064 773 2121 esset
808 2047 879 2121 id
919 2046 1201 2129 dicendi
1238 2071 1512 2144 genus:
1543 2050 1787 2144 putavi
1820 2047 2000 2117 mihi
2035 2046 2574 2145 suscipiendum
2603 2046 2708 2125 la-

582 2159 870 2245 borem,
896 2158 1145 2230 utilem
1180 2156 1552 2243 studiosis,
1579 2156 1756 2226 mihi
1785 2155 2080 2253 quidem
2108 2158 2244 2254 ipsi
2277 2182 2426 2237 non
2463 2182 2708 2229 neces·

584 2271 871 2343 sarium.
902 2268 1244 2339 Converti
1270 2268 1465 2337 enim
1503 2292 1592 2339 ex
1627 2267 1876 2338 Atticis
1913 2266 2224 2337 duorum
2265 2266 2706 2364 eloquentis·-

586 2361 933 2452 simorum
996 2377 1471 2450 nobilissimas
1521 2379 1884 2448 orationes
1932 2378 2122 2448 inter
2159 2401 2236 2449 se
2281 2383 2706 2458 contrarias,

586 2491 933 2563 AEschinis
954 2488 1604 2584 Demosthenisque
1624 2513 1643 2575 ;
1667 2511 1804 2558 nec
1823 2488 2146 2559 converti
2162 2543 2182 2576 ,
2213 2503 2298 2558 ut
2316 2490 2708 2586 interpres,

586 2601 709 2674 sed
752 2613 834 2670 ut
876 2614 1154 2686 orator,
1212 2598 1586 2670 sententiis
1632 2598 1923 2685 iisdem,
1979 2613 2054 2669 et
2112 2621 2360 2670 earum
2421 2598 2708 2684 formis,

582 2725 951 2808 tamquam
986 2709 1265 2808 figuris,
1313 2707 1554 2781 verbis
1593 2708 1682 2780 ad
1733 2723 2052 2780 nostram
2105 2709 2708 2782 consuet-udinem

582 2825 765 2921 aptis
796 2849 811 2892 ε
850 2823 925 2891 in
952 2821 1221 2919 quibus
1254 2843 1400 2890 non
1435 2817 1738 2890 verbum
1777 2843 1912 2916 pro
1945 2819 2160 2888 verbo
2185 2829 2206 2862 ¹
2251 2843 2546 2892 necesse
2579 2819 2712 2888 ha·

653 3026 707 3074 4.
747 3015 847 3080 Qui
867 3013 1105 3064 subtiliter
1127 3011 1313 3062 dicant.
1344 3011 1427 3062 sie
1443 3044 1461 3072 ,
1499 3027 1604 3061 non
1691 3021 1854 3074 tegre,
1875 3018 1927 3056 et
1955 3007 2139 3074 ample,
2175 3019 2312 3058 etc.-
2337 3009 2511 3058 Feder.
2549 3021 2716 3058 aute-

583 3093 673 3160 qm‘
709 3091 875 3142 subtili
872 3105 948 3141 ter
986 3092 1181 3150 dt'cunt,
1234 3101 1283 3138 et
1320 3090 1390 3138 sic
1440 3101 1513 3138 est
1551 3089 1604 3138 in
1691 3088 1928 3140 Mooelius
1968 3090 2036 3136 ita
2080 3088 2234 3152 legit,
2280 3099 2332 3136 et
2373 3089 2714 3154 inter-pungit:

582 3177 673 3224 MS
691 3177 754 3222 V.
772 3173 902 3224 Eu.
1694 3183 1821 3216 «eos
1849 3151 1990 3216 soloe‘
2023 3167 2184 3216 Attice
2222 3166 2402 3216 dicere.
2439 3168 2640 3218 Idcirco
2675 3169 2718 3216 ui

652 3257 702 3304 5.
726 3251 1019 3318 Quasisioce
1034 3264 1087 3300 ee
1108 3251 1313 3316 integre.
1334 3253 1403 3298 Aa
1416 3246 1598 3314 ample.
1685 3249 1816 3298 sicce
1840 3259 1891 3301 ct
1930 3250 2142 3312 integro,
2169 3258 2220 3296 ct
2255 3249 2416 3313 amplo
2434 3271 2480 3297 ο.
2510 3248 2714 3298 lailoun.

581 3335 663 3385 Sic
689 3329 959 3382 Schiitzius.
981 3332 1172 3378 Ernest.
1198 3328 1430 3394 virgulam
1455 3327 1601 3393 pouit

582 3425 693 3464 onte
714 3423 768 3460 ae
784 3411 959 3475 amplo.
979 3411 1059 3458 Sic
1078 3409 1215 3468 dedi,
1236 3409 1398 3472 inquit
1412 3445 1428 3470 ,
1443 3424 1472 3454 e
1490 3408 1600 3466 MS,

578 3494 693 3544 cdd.
735 3492 869 3540 Med.
910 3490 1029 3541 ald.
1077 3492 1109 3540 J
1112 3502 1218 3538 unt.
1254 3503 1369 3536 nam
1414 3487 1599 3553 integre

577 3573 676 3622 huc
706 3571 921 3636 pertinet
948 3583 963 3618 ε
992 3569 1045 3616 in
1081 3567 1233 3614 altero
1268 3565 1489 3614 membro
1527 3575 1600 3614 cst

584 3673 607 3698 α
620 3667 732 3702 cum
758 3649 924 3698 eadem
942 3647 1253 3710 integritate·
1271 3645 1376 3694 scil.-
1414 3661 1511 3708 qua
1529 3645 1602 3692 illi

576 3731 874 3798 superior-12⁵3
899 3741 1006 3776 tum
1026 3742 1141 3776 vero
1160 3737 1217 3774 ae
1233 3725 1393 3792 ample
1408 3743 1427 3774 .·
1446 3735 1600 3772 trans-

578 3813 753 3880 posim
771 3809 903 3857 suere
922 3806 1171 3871 particuloe
1196 3817 1243 3853 et
1269 3816 1319 3854 et
1340 3815 1409 3852 at.
1434 3807 1504 3851 Itu
1524 3820 1601 3850 ιι·-

580 3891 740 3941 bitror
768 3889 931 3935 locum
960 3903 1061 3934 esse
1096 3885 1222 3933 benc
1249 3883 1602 3942 coustitutum,

583 3971 667 4033 qui
700 3969 753 4015 in
786 3967 924 4016 libris
956 3964 1097 4013 valde
1136 3965 1332 4012 vitiatus
1356 3972 1444 4010 est.
1464 3964 1602 4010 Eun.

585 4075 655 4084 —
676 4047 927 4094 Victorius
946 4060 960 4094 :
982 4067 1007 4086 α
1021 4044 1157 4108 quusi
1176 4044 1305 4091 sicce
1324 4051 1374 4088 ct
1390 4043 1598 4105 integre:

587 4135 635 4170 et
657 4123 815 4186 ample
840 4145 861 4165 ι
886 4143 897 4171 ι
918 4125 1060 4172 Grut.
1082 4121 1257 4186 «quasi
1272 4121 1415 4168 sicce.
1438 4123 1515 4168 Ar
1530 4120 1603 4166 in-

1683 3339 1802 3394 post
1825 3327 1992 3376 Lamb.
2011 3327 2242 3376 «Idcirco
2268 3328 2312 3374 si
2337 3329 2467 3376 sicce
2503 3338 2551 3374 ct
2583 3328 2720 3374 inte-

1687 3425 1773 3472 gr·
1787 3441 1804 3470 ‚
1831 3417 1881 3455 at
1898 3408 1939 3453 si
1955 3395 2120 3471 'ample
2136 3428 2178 3455 ιι.

1758 3488 1811 3536 6.
1832 3484 2067 3550 Princeps
2073 3483 2230 3541 facilc
2248 3485 2616 3535 Demosthenes.
2633 3485 2718 3534 Cf.

1686 3567 1824 3615 Orat.
1839 3581 1946 3630 cap.
1973 3582 1998 3626 7
2019 3581 2129 3628 sqq.

1755 3649 1820 3694 V.
1849 3661 1893 3692 1.
1921 3645 2034 3692 Non
2056 3643 2250 3692 verbum
2263 3659 2359 3707 pm
2382 3645 2552 3692 verbo.
2577 3647 2728 3694 lam·

1686 3725 1832 3774 binus
1857 3724 2098 3789 expunxit
2120 3739 2212 3788 pro
2232 3758 2246 3781 ,
2279 3740 2380 3772 non
2401 3727 2677 3774 necessario
2703 3739 2720 3772 :

1688 3805 1769 3854 Sic
1789 3803 2043 3852 Terentius
2061 3799 2335 3850 Eunucho:
2355 3825 2381 3844 σ
2393 3805 2486 3851 Par
2497 3819 2593 3867 pro
2611 3803 2724 3867 pari

1691 3883 1900 3941 referto,
1930 3879 2066 3946 quod
2095 3895 2200 3928 eam
2227 3881 2452 3928 mordent
2467 3902 2513 3931 o.
2543 3883 2724 3929 Gnur.

1690 3989 1761 3999 -
1779 3963 1924 4010 Hunc
1953 3960 2108 4009 nostri
2139 3960 2304 4007 locum
2323 3959 2592 4008 laudavere
2612 3961 2728 4006 1³01-

1689 4040 1785 4100 1in,
1817 4039 1982 4089 Traia
2006 4025 2318 4094 auso-aes,
2336 4037 2422 4086 nb.
2447 4040 2636 4102 xmp.
2657 4055 2684 4085 9
2707 4073 2726 4094 ,

1692 4129 1781 4166 art.
1815 4119 1881 4176 33
1917 4120 2157 4176 Baeton,
2192 4115 2254 4164 de
2291 4117 2341 4164 Ia
2373 4115 2724 4164 Consnueeioae
