2982 4682
802 418 928 486 AD
971 416 1557 503 HERENNmM,
1607 416 1872 484 LIBER
1918 417 2057 502 111,
2091 418 2159 499 4.
2413 418 2544 488 ηε,

420 550 877 637 praesentem,
946 550 1021 608 et
1084 546 1700 633 consequentem²
1757 539 2542 608 commemorationem.

422 655 578 721 Hoc
608 670 745 719 nos
779 670 869 719 eo
900 670 941 718 a
966 658 1167 719 recto
1200 642 1656 745 separamus³
1676 700 1695 732 ,
1744 670 1896 716 non
1945 644 2148 743 quod
2200 648 2308 718 hae
2362 670 2545 746 qua-

420 774 590 830 tuor
610 770 848 856 partes
863 812 882 846 ,
900 778 1063 853 quae
1079 756 1567 852 subjiciuntur
1588 754 1725 827 sub
1744 754 2102 827 vocabulo
2126 760 2338 847 recti,
2359 759 2546 831 hanc

422 868 814 939 honestatis
854 867 1617 938 commemorationem
1657 864 1828 937 dare
1864 890 2015 937 non
2049 867 2328 941 soleant
2364 897 2379 939 z
2415 872 2542 941 sed

422 998 861 1075 quamquam
916 1000 1008 1048 ex
1044 989 1245 1047 recto
1301 974 1660 1047 laudabile
1719 974 2120 1066 nascitur4,
2179 992 2420 1050 tamen
2469 983 2548 1051 in

424 1086 732 1158 dicendo
768 1108 1095 1157 seorsum
1129 1084 1584 1156 tractandum
1623 1100 1731 1157 est
1766 1084 1908 1157 hoc
1948 1084 2042 1157 ab
2087 1086 2235 1158 illo.
2290 1088 2549 1187 'Neque

422 1200 613 1268 enim
650 1196 885 1269 solum
926 1195 1158 1268 laudis
1196 1216 1409 1267 causa
1438 1210 1719 1268 rectum
1757 1198 1966 1294 sequi
2002 1202 2385 1295 convenit-3
2423 1199 2551 1272 sed

424 1308 481 1378 si
525 1308 682 1379 laus
736 1308 1246 1404 consequitur,
1300 1305 1717 1403 duplicatur
1751 1308 1939 1378 'recti
1989 1310 2378 1406 appetendi
2422 1330 2549 1380 vo-

424 1417 684 1489 luntas.
723 1420 974 1508 Quum
1006 1418 1227 1515 igitur
1257 1417 1394 1488 erit
1426 1409 2036 1489 demonstratum⁵
2055 1432 2360 1507 rectum,
2394 1420 2552 1491 lau-

423 1524 659 1598 dabile
695 1547 851 1600 esse
885 1526 1583 1616 demonstrabimus,
1620 1540 1748 1598 aut
1779 1527 1871 1599 ab
1915 1527 2192 1600 idoneis
2235 1529 2551 1601 homini-

424 1637 597 1723 bus,
647 1652 732 1709 ut
774 1640 832 1708 si
869 1662 1014 1734 qua
1052 1650 1167 1709 r‘es
1203 1636 1604 1708 honestiori
1648 1638 1885 1709 ordini
1926 1640 2245 1738 placeat,
2305 1662 2470 1737 quoe
2511 1664 2554 1713 a

422 1747 785 1819 deteriore
814 1746 1069 1818 ordine
1104 1746 1604 1845 improbetur3
1641 1764 1767 1819 aut
1794 1749 1887 1820 ab
1918 1750 2281 1848 aliquibus
2309 1752 2553 1841 sociis»,

428 1873 548 1929 aut
579 1856 918 1929 omnibus
954 1856 1270 1941 civibus,
1308 1858 1571 1929 exteris
1611 1858 2026 1930 nationibus
2046 1916 2066 1947 ‚
2105 1864 2554 1959 posterisque

426 1970 710 2040 nostris.

520 2078 657 2174 (V.)
690 2082 939 2170 Quum
970 2076 1385 2171 hujusmodi
1422 2075 1750 2147 locorum
1783 2075 2042 2147 divisio
2089 2074 2225 2147 sit⁰
2256 2078 2330 2148 iu
2377 2104 2552 2151 con-

430 2190 845 2276 sultatione,
888 2187 1207 2258 breviter
1231 2184 1616 2285 aperienda
1645 2200 1752 2256 est
1771 2188 1994 2256 totius
2026 2191 2358 2257 tractatio
2387 2212 2554 2259 cau-

430 2324 539 2370 sae.
582 2298 912 2371 Exordiri
948 2296 1224 2383 licebit,
1266 2296 1378 2368 vel
1415 2320 1456 2368 a
1501 2296 1893 2395 principio,
1932 2292 2046 2368 vel
2097 2294 2190 2367 ab
2231 2300 2554 2369 insinua-

428 2413 622 2481 tione
639 2464 660 2498 ,
688 2409 802 2480 vel
828 2407 1081 2479 iisdem
1106 2406 1509 2478 rationibus
1525 2417 1580 2494 ⁷,
1602 2405 1870 2504 quibus
1888 2411 1962 2477 in
1973 2405 2294 2501 judiciali
2320 2430 2550 2480 causa.

431 2520 747 2614 Sicujus
788 2519 893 2588 rei
926 2520 1242 2588 narratio
1287 2515 1598 2605 incidet,
1651 2516 1900 2589 eadem
1940 2517 2220 2590 ratione
2261 2541 2552 2590 narrare

496 2743 549 2776 τι.
575 2729 647 2776 Ee
664 2737 1054 2792 consequentem.
1090 2727 1173 2776 Sic
1208 2741 1450 2780 consensu
1535 2724 1724 2790 inquit,
1749 2724 1864 2775 leet.
1891 2727 2140 2792 antiquam
2161 2744 2190 2777 a
2215 2730 2430 2778 Grutero
2455 2729 2556 2789 q‘e·

429 2808 551 2856 Mss
592 2819 641 2856 et
666 2806 781 2855 edd.
806 2822 886 2872 pr.
927 2808 1005 2854 Sic
1032 2822 1183 2854 mox:
1224 2829 1250 2850 ιι
1270 2809 1311 2856 si
1337 2807 1443 2855 laus

430 2886 797 2950 consequitur».
820 2885 978 2949 Vulgo
996 2897 1293 2950 sequentem.
1308 2889 1439 2936 Eun.

500 2963 549 3016 3.
569 2967 877 3030 Septa-amus.
903 2967 1027 3014 MSS
1044 2975 1097 3013 et
1115 2964 1229 3013 edd.
1255 2966 1443 3014 variant

437 3044 567 3092 inter
610 3060 892 3109 separamus
912 3078 929 3103 ‚
970 3044 1301 3108 separavimus
1328 3079 1344 3104 ,
1394 3051 1443 3093 et

429 3125 773 3187 seper-abiram.
828 3123 1069 3173 murnum
1122 3123 1287 3172 locum
1341 3137 1444 3173 uon

430 3204 601 3268 habet,
626 3204 740 3269 quia
764 3205 863 3266 jam
882 3203 1063 3251 sectum
1080 3213 1153 3252 est
1178 3219 1193 3252 :
1219 3219 1310 3253 nec
1338 3219 1442 3252 me·

429 3282 561 3331 dium
576 3318 591 3344 ,
618 3283 731 3347 qnia
752 3297 962 3346 presens
988 3285 1220 3346 sequitur.
1240 3285 1371 3331 Eun.

500 3369 548 3419 4.
572 3361 813 3410 Nascitur
835 3363 1008 3426 scripsi
1043 3377 1137 3427 pro
1186 3371 1442 3425 nascatur,

431 3442 563 3506 quod
612 3455 914 3507 quamquam
950 3443 1005 3488 in
1050 3443 1271 3490 oratione
1312 3451 1442 3490 recta

428 3521 741 3582 conju-activo
764 3521 905 3584 iungi
926 3533 1028 3568 nou
1050 3531 1228 3585 potest.
1248 3523 1378 3570 Ean.

499 3597 549 3648 5.
578 3602 736 3664 Quum
762 3597 911 3664 igitur·
933 3599 1026 3646 eric
1044 3600 1445 3648 demonstratum.

432 3679 569 3727 Grut.
612 3679 1061 3726 demonstrandum.
1104 3681 1178 3727 Ita
1194 3715 1209 3740 ,
1254 3679 1415 3742 inquit
1430 3713 1445 3738 ‚

431 3757 530 3805 Pal.
546 3769 705 3822 quart.
726 3765 775 3806 et
787 3767 967 3817 sextus,
981 3766 1155 3822 praeter
1171 3759 1417 3806 Toeanum
1429 3792 1443 3817 ,

432 3835 621 3884 Gembl.
656 3845 709 3884 et
736 3837 912 3886 Colon-
940 3850 1081 3900 νεα-ς
1106 3853 1219 3885 nam
1251 3853 1313 3886 eo
1336 3837 1446 3900 ipso

433 3915 566 3978 quod
585 3914 829 3963 landabile
842 3915 1245 3976 demonstramus,
1260 3927 1447 3964 rectum

432 4006 483 4042 et
518 3995 775 4043 honestum
810 4009 915 4043 esse
951 3995 1269 4045 ostendimus.
1306 3999 1447 4047 Prius

434 4072 535 4119 cuni
576 4085 590 4121 τ
630 4088 657 4114 οι
688 4073 1069 4121 demonstratum
1091 4094 1133 4120 ιο.
1162 4101 1233 4111 ——-
1260 4075 1448 4127 Ernest.
1480 4107 1485 4110 -

434 4161 644 4199 nostum
682 4151 794 4200 leet.
832 4151 1047 4201 exhibet.
1098 4155 1440 4214 neminimus,

1538 2816 1664 2854 etam
1679 2839 1695 2864 ‚
1717 2820 1862 2868 quam
1875 2805 2000 2853 Mss
2014 2817 2064 2853 et
2075 2805 2189 2854 edd.
2203 2805 2398 2856 firmant
2411 2843 2430 2869 ,
2448 2816 2559 2857 seus

1529 2901 1611 2933 sus
1638 2884 1850 2948 denique
1867 2885 2102 2947 postulat.
2121 2885 2247 2932 'Vult
2267 2887 2395 2932 enim
2421 2885 2552 2934 dice-

1529 2979 1608 3024 re,
1631 2963 2038 3012 demonstrationi
2057 2963 2178 3012 recti
2201 2963 2555 3024 subjiciendum

1531 3060 1634 3092 esse
1679 3042 1935 3090 laudabile.
1971 3042 2091 3089 Item
2115 3043 2413 3091 restituimus
2441 3055 2558 3092 mox

1531 3120 1944 3171 demonstrabitur
2009 3117 2182 3168 iisdem
2211 3128 2218 3144 ·
2257 3123 2557 3172 auctoribus.

1535 3221 1562 3244 «ε
1575 3201 1656 3252 Ab
1665 3200 1856 3249 idoneis
1874 3199 2184 3249 hominibus»
2199 3201 2381 3266 pendet
2403 3218 2432 3251 ι
2451 3202 2562 3253 lau·

1535 3281 1670 3340 (ίαν-ι’,
1695 3279 1833 3344 quod
1868 3278 1988 3328 latet
2022 3281 2074 3328 in
2101 3278 2374 3333 laudabile.

1603 3359 1658 3409 6.
1689 3363 1927 3409 Locorum
1954 3359 2126 3409 divisio
2164 3360 2241 3410 sr‘t.
2278 3359 2406 3412 Edd.
2437 3373 2558 3413 vett.

1532 3461 1558 3483 ιι
1579 3441 1756 3489 divisio
1775 3441 1840 3489 eit
1863 3439 1964 3490 loc.
1985 3462 2008 3482 ι
2047 3436 2209 3489 Intell'.
2229 3457 2379 3506 quum
2399 3459 2560 3508 expo-

1533 3522 1712 3569 suerim
1733 3535 1844 3584 quae
1861 3521 1927 3568 sit
1937 3520 1988 3567 in
2003 3519 2336 3580 consultandi,
2355 3522 2458 3570 sive
2477 3523 2562 3571 de·

1533 3599 1776 3648 liberandi
1815 3613 2012 3663 genere,
2049 3599 2227 3648 divisio
2251 3599 2493 3649 locorum.

1611 3695 1656 3741 7.
1689 3679 1776 3728 Vel
1817 3677 1988 3726 iisdem
2029 3677 2315 3729 rationibus.
2359 3677 2559 3729 Sobata.

1537 3758 1665 3808 delet
1684 3759 1798 3818 vel,
1829 3759 1967 3823 quod
1982 3793 1997 3816 ,
2017 3757 2178 3822 inquit
2196 3795 2209 3818 ,
2227 3771 2418 3807 sensum
2450 3776 2562 3825 per-

1505 3877 1514 3894 .
1535 3839 1681 3888 vertit
1703 3853 1718 3889 :
1740 3853 1842 3888 uon
1862 3842 1992 3888 euim
2007 3839 2090 3888 hic
2111 3853 2294 3888 novum
2317 3849 2390 3888 est
2409 3840 2561 3904 sarti-

1535 3919 1682 3968 tionis
1709 3918 1978 3966 membrum
1996 3933 2013 3981 ;
2039 3917 2125 3966 aed
2143 3917 2324 3966 dicitur
2341 3953 2356 3978 ‚
2391 3917 2562 3965 iisdem

1539 3996 1838 4053 rationibus,
1867 3997 2045 4060 quibus
2063 3996 2114 4044 in
2136 3995 2356 4058 judiciali
2384 4013 2554 4054 causa,

1541 4077 1615 4127 vel
1643 4092 1670 4125 a
1699 4061 1943 4142 principio
1960 4113 1973 4134 ,
1996 4072 2072 4124 vel
2099 4073 2160 4122 ab
2198 4061 2524 4126 insinuatione
2544 4112 2560 4136 ,

1539 4168 1784 4206 oratorem
1808 4153 2022 4204 exordiri
2043 4169 2203 4218 posse.
