2982 4682
744 398 867 465 DE
913 393 1526 477 INVENTIONE,
1575 394 1842 463 LIBER
1891 394 1994 479 ll,
2046 389 2160 488 57.
2375 390 2514 463 505

384 518 691 617 indiget,
718 531 937 614 atque
968 530 1095 587 ant
1121 538 1414 604 omnes,
1444 528 1574 586 aut
1603 514 1982 612 plurimas,
2022 530 2147 587 aut
2167 516 2515 589 maximas

383 651 629 699 causas
672 624 895 697 habet
929 623 1404 711 difficultatis,
1455 638 1734 710 tamen,
1772 623 1884 694 his
1935 626 2283 722 susceptis
2321 624 2513 697 diffi-

382 737 773 810 cultatibus
790 787 810 824 ,
847 734 1195 833 compleri
1220 749 1439 833 atque
1466 733 1556 805 ad
1591 734 1860 806 exitum
1885 734 2186 832 perduci
2215 747 2473 833 potest.

479 844 709 945 (nvn.)
751 846 1111 935 Quoniam
1162 868 1337 941 ergo
1392 844 1485 916 de
1534 843 1913 915 honestate
1957 858 2030 915 et
2073 842 2164 915 de
2207 844 2512 921 utilitate

380 956 723 1043 diximus,
756 980 955 1026 nunc
1002 969 1225 1027 restat
1278 970 1359 1025 ut
1394 953 1487 1026 de
1522 956 1610 1025 iis
1647 953 1902 1043 rebuS,
1942 980 2124 1052 quas
2161 954 2274 1025 his
2315 960 2512 1026 attri-

380 1064 595 1137 butas
650 1089 805 1136 esse
852 1063 1308 1151 dicebamus,
1367 1062 1898 1137 necessitudine
1957 1079 2030 1135 et
2081 1062 2508 1151 affectione,

380 1172 932 1271 perscribamus,

475 1288 691 1355 LVII.
732 1288 919 1354 Puto
974 1283 1195 1379 igitur
1240 1306 1395 1355 esse
1450 1282 1640 1355 hanc
1689 1283 2331 1371 necessitudinem,
2389 1287 2509 1356 cui

378 1392 577 1465 nulla
617 1394 687 1463 vi
728 1394 958 1465 resisti
994 1398 1275 1491 potest3
1333 1418 1493 1491 quae
1521 1418 1763 1491 neque
1791 1397 2094 1483 mutari,
2129 1418 2370 1490 neque
2406 1393 2507 1465 le·

374 1506 519 1575 niri
553 1517 815 1603 potest.
832 1509 1109 1602 Atque,
1142 1518 1225 1575 ut
1258 1506 1576 1603 apertius
1611 1504 1756 1577 hoc
1789 1506 1918 1593 sit,
1955 1504 2302 1603 exemplis
2337 1504 2507 1575 licet

372 1617 517 1683 vim
548 1617 689 1701 rei,
726 1615 960 1713 qualis
986 1629 1060 1687 et
1078 1627 1349 1712 quanta
1365 1615 1457 1685 sit
1476 1668 1498 1700 ‚
1525 1639 2118 1711 cognoscamus«
2136 1616 2264 1687 Uri
2291 1638 2503 1713 posse

371 1722 657 1795 flamma
688 1724 996 1822 ligneam
1027 1720 1397 1797 materiam
1420 1748 1714 1795 necesse
1744 1742 1872 1797 est.
1893 1729 2178 1824 Corpus
2203 1726 2504 1798 mortale

371 1831 619 1931 aliquo
660 1847 989 1931 tempore
1031 1838 1323 1906 interire
1384 1856 1678 1905 necesse
1719 1850 1912 1917 est»;
1969 1850 2188 1933 atque
2233 1837 2332 1907 ita
2371 1863 2498 1909 ne-

370 1968 565 2015 cesse
585 1998 607 2033 ,
636 1946 840 2017 utvis
860 1944 1177 2041 postulat
1206 1969 1290 2015 ea
1312 1999 1331 2031 ‚
1363 1968 1586 2041 quam
1622 1943 1841 2017 modo
1877 1944 2498 2034 describebamus‚

368 2054 955 2139 necessitudiniS,
1006 2055 1119 2125 cui
1150 2053 1349 2125 nulla
1381 2056 1451 2123 vi
1486 2055 1718 2125 resisti
1753 2068 1988 2153 potest
2009 2108 2028 2135 ,
2066 2079 2228 2150 quae
2261 2080 2502 2153 neque

368 2166 667 2250 mutari,
702 2188 945 2261 neque
983 2164 1193 2235 leniri
1240 2178 1500 2261 potest.
1547 2162 2018 2260 Hujusmodi¹
2057 2161 2500 2260 [necessitu-

369 2273 617 2374 dines]
658 2298 889 2374 quum
922 2275 1000 2345 in
1032 2273 1324 2346 dicendi
1360 2275 1678 2347 rationes
1709 2272 2076 2360 incident,
2120 2288 2316 2344 recte
2365 2298 2496 2346 ne·-

368 2385 837 2458 cessitudines
882 2384 1446 2484 appellabuntur
1502 2414 1520 2456 :
1574 2389 1686 2457 sin
1725 2387 1984 2484 aliquae
2021 2411 2136 2458 res
2175 2384 2496 2456 incident

366 2493 737 2583 difficiles,
781 2498 857 2567 in
900 2495 1021 2568 illa
1056 2497 1452 2595 superiori,
1509 2500 1832 2596 possitne
1867 2497 2061 2583 fieri,
2104 2497 2498 2593 quaestione

366 2605 991 2680 considerabimus.
1030 2612 1270 2704 Atque
1304 2609 1520 2678 etiam
1551 2607 1690 2680 hoc
1723 2607 1902 2677 mihi
1933 2605 2182 2677 videor
2215 2602 2498 2689 videre,

363 2743 518 2789 esse
553 2717 902 2816 quasdam
940 2742 1108 2788 cum
1145 2717 1613 2815 adjunctione
1649 2717 2252 2801 necessitudineS,
2285 2739 2498 2812 quas-

363 2827 528 2899 dam
569 2827 929 2925 simplices
985 2842 1057 2899 et
1103 2826 1494 2900 absolutas,
1555 2831 1742 2902 Nam
1788 2829 1992 2900 aliter
2032 2827 2272 2898 dicere
2307 2823 2496 2894 sole-

360 2963 560 3022 mus,
590 2941 939 3008 «Necesse
976 2952 1081 3009 est
1120 2940 1597 3010 Casilinenses
1631 2963 1706 3008 se
1739 2937 2004 3009 dedere
2032 2933 2498 3020 Hannibali»;

362 3045 571 3116 aliter
600 3057 843 3115 autem
862 3099 883 3132 ,
924 3075 959 3110 α
986 3049 1295 3117 Necesse
1324 3063 1433 3119 est
1468 3047 1860 3118 Casilinum
1879 3057 1908 3089 ²
1941 3051 2186 3118 venire
2208 3047 2282 3115 in
2307 3049 2498 3114 Han-

362 3153 623 3228 nibalis
644 3168 1073 3253 potestatem
1096 3185 1152 3225 ».
1188 3155 1343 3228 Illic
1364 3211 1385 3245 ‚
1419 3161 1496 3230 in
1521 3161 1938 3256 superiore,
1977 3155 2350 3252 adjunctio
2385 3169 2496 3228 est

360 3343 485 3392 MSS
520 3340 813 3406 quibusdam
828 3373 869 3400 ‚-
891 3351 943 3390 et
974 3338 1183 3390 libenter
1215 3353 1381 3406 poste-
1466 3343 1586 3392 bum
1626 3361 1810 3393 necess.
1840 3355 1891 3392 et
1929 3343 2138 3393 dicendo
2173 3359 2267 3409 pro
2297 3341 2500 3392 dicendi

356 3421 458 3470 rius
484 3421 687 3471 delerem
704 3458 721 3484 ,
743 3421 837 3470 nisi
858 3429 909 3468 et
922 3419 1017 3468 alia
1034 3422 1253 3486 exempla
1273 3423 1379 3472 talis
1466 3423 1713 3489 scripsisse
1727 3460 1742 3485 ,
1779 3440 1842 3472 ex
1877 3423 2220 3473 emendatione
2259 3422 2494 3487 Purgoldi

354 3501 661 3564 repetitionis
692 3511 853 3549 essent
886 3500 941 3548 in
982 3499 1217 3548 tenuitate
1252 3499 1379 3550 defi·
1465 3502 1694 3552 declarat.

353 3580 523 3628 aiendi
541 3591 591 3629 et
599 3575 877 3645 -ptrtieudi-
896 3581 1026 3628 Eu·
1539 3599 1592 3633 a.
1611 3579 1894 3631 Casilinum.
1913 3581 2108 3631 All-adit
2119 3577 2185 3630 ad
2200 3580 2488 3630 historiam:

425 3659 583 3708 Lvu.
608 3673 657 3707 1.
679 3657 965 3722 Huiusmodi
984 3657 1379 3709 necessitudines.
1465 3677 1578 3710 nam
1611 3662 1878 3710 Casilinum
1913 3661 2154 3726 oppidum
2187 3661 2490 3724 Campania,

353 3736 571 3786 Verbum
594 3735 967 3786 necessitudines
989 3738 1073 3785 bic
1090 3746 1215 3786 stare
1237 3737 1376 3787 nullo
1464 3757 1616 3806 quum
1641 3740 1704 3790 ab
1737 3740 2014 3791 Hannibale
2039 3740 2368 3797 obsideretur,
2395 3739 2490 3786 nsi-

352 3815 504 3864 modo
526 3831 669 3880 posse
690 3815 741 3864 in
763 3825 995 3880 promptu
1018 3827 1091 3865 est
1113 3830 1129 3866 τ
1156 3829 1207 3864 et
1231 3833 1375 3866 nemo
1461 3821 1575 3870 lites
1594 3837 1656 3870 eo
1671 3821 1856 3884 inopie
1879 3829 2200 3883 pervenerunt
2215 3853 2231 3877 ,
2257 3828 2308 3866 ut
2327 3833 2492 3866 aures

350 3895 449 3944 hoc
478 3893 620 3942 uleus
646 3895 821 3957 attigit.
858 3894 1019 3944 Cmdo
1059 3895 1375 3944 scribendum
1462 3910 1516 3948 et
1552 3901 1686 3956 lora.
1731 3899 2070 3962 detractasque
2113 3899 2264 3947 scutis
2305 3896 2488 3962 pelles,

352 3992 455 4024 esse
482 3989 556 4021 res
575 4007 591 4032 ,
623 3973 760 4036 quod
784 3983 857 4020 est
882 3975 1073 4038 postia
1100 3975 1255 4023 altero
1290 3991 1375 4039 ge·
1464 3977 1548 4028 ubi
1575 3977 1759 4028 fervida
1784 3977 2060 4028 mollissent
2082 3993 2206 4041 aqua
2222 4011 2236 4035 ‚
2263 3975 2491 4026 mandere

354 4070 493 4105 nete:
523 4076 547 4096 ι
567 4054 643 4100 sin
662 4051 837 4117 aliquo
856 4067 932 4099 res
952 4053 1061 4102 diff„
1092 4054 1311 4103 incident
1331 4077 1373 4102 ι.
1464 4069 1776 4108 conarentur.
1821 4057 2006 4108 Confer
2034 4059 2224 4108 Livium
2241 4093 2256 4114 ,
2281 4057 2365 4108 lib.
2399 4059 2494 4110 111.

351 4139 479 4190 Bu.
506 4161 577 4174 --
612 4129 869 4184 Schiitsius
902 4149 954 4182 se
992 4133 1225 4184 delevisse
1260 4149 1371 4184 ver·
1466 4138 1721 4188 Nisei-s.
