2982 4682
28 3897 45 3941 ‚-

450 366 588 451 504
1130 366 1227 433 Μ.
1280 366 1355 433 Τ.
1409 363 1890 434 CICERONIS

446 493 711 590 partim
758 487 1078 557 utiliores
1098 540 1117 575 ,
1164 488 1423 583 partim
1471 488 1710 557 minus
1751 486 1996 572 utileS,
2051 510 2139 556 ex
2195 508 2572 557 causarum
2625 509 2638 519 ·

448 597 950 697 dignitatibuS‚
976 620 1066 666 ex
1100 609 1515 693 temporum
1555 590 2222 692 opportunitatibus
2243 648 2263 679 ‚
2299 620 2388 665 ex
2413 594 2575 667 offi-

446 712 605 796 ciis,
641 736 729 780 ex
770 705 1243 803 religionibus
1266 758 1285 795 ‚
1323 731 1412 778 ex
1446 702 1928 775 vetustatibus
1963 702 2373 776 habebitur.

539 822 719 899 LVI.
758 816 959 913 (Lvl.)
992 816 1271 887 Utilitas
1300 830 1542 888 autem
1578 830 1702 886 aut
1737 818 1814 885 in
1840 838 2144 912 corpore
2169 816 2398 912 posita
2425 829 2572 904 est,

442 941 567 998 aut
604 929 677 996 in
720 928 1075 997 extraneis
1124 924 1342 996 rebus
1382 953 1399 995 ι
1440 948 1748 1022 quarum
1785 938 2028 995 tamen
2065 948 2306 995 rerum
2335 924 2569 995 multo

442 1039 753 1108 maxima
798 1062 961 1135 pars
1006 1034 1095 1107 ad
1148 1038 1473 1133 corporis
1524 1035 1986 1107 commodum
2032 1038 2448 1121 revertitur,
2487 1048 2570 1105 ut

438 1148 513 1217 in
554 1147 921 1245 republica
970 1144 1295 1243 quaedam
1344 1162 1515 1217 sunt
1537 1200 1580 1241 ‚s
1616 1170 1824 1243 quae,
1875 1160 1959 1217 ut
2013 1146 2114 1215 sic
2163 1143 2434 1232 dicam,
2477 1144 2569 1217 ad

442 1282 705 1355 corpus
748 1258 1112 1357 pertinent
1149 1258 1489 1343 civitatis,
1550 1272 1632 1326 ut
1665 1260 1850 1354 agri,
1903 1270 2191 1355 portuS,
2233 1260 2571 1353 pecunia,

440 1368 731 1456 classe5‚
776 1381 1045 1449 nautae,
1094 1365 1394 1453 milites,
1442 1368 1654 1453 socii3
1712 1366 1984 1464 quibus
2022 1364 2240 1438 rebus
2286 1365 2568 1437 incolu-

441 1481 761 1549 mitatem
827 1500 909 1547 ac
959 1474 1361 1546 libertatem
1417 1476 1733 1547 retinent
1775 1478 2093 1547 civitates
2131 1502 2148 1545 ε
2185 1476 2320 1546 alia
2359 1500 2570 1559 vem,

438 1612 603 1684 quae
639 1586 785 1681 jam
834 1583 1175 1680 quiddam
1216 1588 1439 1681 magis
1472 1584 1796 1683 amplum
1817 1640 1838 1673 ,
1871 1599 1946 1657 et
1976 1586 2220 1657 minus
2247 1608 2569 1657 necessa·

439 1698 631 1767 rium
654 1693 1082 1781 conficiunt,
1119 1709 1203 1766 ut
1226 1692 1427 1767 urbis
1453 1697 1736 1793 egregia
1763 1698 2141 1789 esornatio
2169 1710 2388 1793 atque
2419 1720 2567 1767 am·

440 1804 763 1903 plitudo‚
802 1818 883 1875 ut
923 1804 1255 1901 quaedam
1302 1805 1662 1877 excellens
1719 1809 2042 1903 pecuniae
2105 1804 2566 1901 magnitude,

439 1916 909 1987 amicitiarum
952 1938 1035 1985 ac
1078 1917 1506 1987 societatum
1551 1916 1965 1987 multitudo.
2021 1914 2306 2005 Quibus
2347 1914 2570 1987 rebus

438 2051 589 2097 non
627 2024 805 2095 illud
844 2025 1077 2097 solum
1122 2023 1541 2114 conficitur,
1597 2040 1680 2096 ut
1729 2027 1934 2096 salvae
1990 2040 2064 2097 et
2123 2024 2567 2109 incolume5‚

436 2160 692 2207 verum
724 2139 971 2222 etiam,
1008 2150 1093 2206 ut
1126 2135 1381 2233 amplae
1416 2150 1636 2233 atque
1673 2149 2006 2232 potentes
2049 2136 2566 2205 sint-civitates.

440 2249 683 2337 Quare
726 2245 1052 2317 utilitatis
1088 2244 1247 2315 duae
1281 2259 1520 2343 partes
1555 2244 1894 2315 videntur
1937 2268 2127 2332 esse,
2181 2245 2564 2315 incolumi-

442 2373 549 2428 tas
590 2372 663 2430 et
712 2358 1054 2455 potentia.
1120 2356 1588 2428 Incolumitas
1634 2371 1745 2428 est
1793 2356 2040 2427 salutis
2093 2368 2288 2429 tuta¹
2343 2371 2568 2452 atque

440 2471 721 2564 integra
752 2467 1220 2538 conservatio,
1260 2467 1586 2536 Potentia
1621 2482 1733 2537 est
1759 2463 1848 2536 ad
1881 2490 2010 2536 sua
2043 2463 2566 2552 conservanda,

440 2591 513 2648 et
556 2578 847 2650 alterius
879 2575 1275 2649 obtinenda
1298 2631 1319 2665 ‚
1359 2575 1782 2648 idonearum
1823 2601 2066 2647 rerum
2097 2575 2415 2648 facultas.
2447 2581 2567 2648 At·

438 2713 585 2786 que
620 2691 695 2758 in
733 2692 820 2758 iis
852 2686 1221 2772 omnibus,
1264 2711 1426 2785 qua·-
1466 2701 1636 2762 ante
1675 2687 1862 2758 dicta
1901 2701 2106 2774 sunt,
2151 2687 2329 2785 quid
2369 2686 2562 2759 diffi-

442 2798 671 2869 culter
704 2795 861 2867 fieri
882 2809 936 2883 ²,
970 2810 1044 2867 et
1076 2795 1253 2894 quid
1290 2795 1497 2868 facile
1527 2795 1688 2868 fieri
1727 2799 1986 2895 possit,
2026 2810 2314 2893 oportet
2343 2801 2568 2868 consi-

437 2907 707 2978 derare.
739 2905 969 2978 Facile
1010 2904 1167 2976 fieri
1203 2905 1279 2977 id
1310 2906 1652 2994 dicimus,
1688 2905 1889 3004 quod
1927 2909 2080 2978 sine
2115 2929 2407 3004 magne,
2439 2920 2567 2976 aut

436 3019 592 3089 sine
621 3016 772 3087 ullo
802 3014 1085 3100 labore,
1121 3031 1457 3115 sumptu,
1490 3017 1852 3103 molestia,
1883 3041 2102 3112 quam
2141 3015 2566 3088 brevissimo

436 3143 768 3224 tempore
826 3124 1088 3198 confici
1140 3141 1401 3224 potest.
1458 3125 1768 3198 Difficile
1825 3140 2067 3196 autem
2129 3122 2320 3206 fieri,
2360 3123 2562 3220 quod

432 3261 875 3346 quamquam
898 3235 1165 3308 laboris
1182 3291 1201 3324 ,
1231 3250 1596 3334 sumptus,
1621 3235 1996 3322 molestiae,
2015 3232 2564 3331 longinquitatis

428 3459 741 3518 anicinum,
770 3457 1061 3523 quibuscum
1096 3456 1307 3504 amicitia
1340 3467 1447 3506 est:
1608 3459 1734 3508 LVI.
1764 3473 1808 3506 1.
1839 3459 1965 3506 Tuta
1990 3466 2140 3521 atque
2163 3452 2372 3520 integra.
2407 3455 2565 3506 Sebo-

428 3539 527 3588 nisi
552 3539 691 3587 malis
728 3538 973 3594 alior11m;
1001 3535 1135 3600 quod
1170 3536 1295 3584 foret
1332 3537 1449 3583 sim·
1537 3536 1641 3584 lion
1675 3537 1766 3585 Ms
1810 3536 1954 3585 babet
1997 3547 2138 3593 rata,
2165 3535 2302 3600 quod
2343 3535 2566 3584 defendit

425 3619 603 3684 plieius
639 3629 689 3667 et
724 3616 915 3666 leuius:
944 3615 1031 3664 sed
1069 3614 1213 3663 nobis
1254 3614 1449 3662 videtur
1533 3613 1917 3681 Oudendorpius
1955 3635 1967 3663 ε
2012 3615 2232 3664 audirem
2276 3615 2480 3664 fortasse
2521 3617 2564 3664 si

428 3697 622 3746 illorum
665 3707 853 3745 rectum
897 3705 945 3743 et
992 3711 1159 3744 verum
1204 3711 1335 3756 esse,
1382 3694 1447 3742 ud
1537 3705 1660 3743 esset
1685 3705 1842 3741 sarta.
1877 3693 1970 3742 Sed
1999 3694 2248 3759 vulgatum
2271 3711 2438 3742 verum
2465 3705 2559 3744 est.

425 3793 626 3842 eumque
645 3787 830 3842 partem
852 3775 1042 3834 referri,
1070 3790 1181 3839 quoe
1206 3786 1322 3840 post
1346 3789 1448 3822 «ex
1537 3773 1769 3838 Exprime
1795 3773 2067 3838 simplicius
2089 3791 2100 3820 ε
2127 3773 2438 3820 incolumitas
2459 3785 2568 3834 est,

422 3855 603 3906 officiis
620 3879 671 3916 ιι,
712 3871 887 3919 nempe
918 3854 995 3902 vel
1024 3855 1207 3902 nostris
1226 3853 1305 3901 vel
1328 3854 1447 3902 ami·
1536 3869 1691 3916 quum
1717 3851 1846 3900 salus
1871 3862 1946 3900 est
1973 3852 2160 3916 integra
2189 3863 2240 3901 et
2266 3861 2404 3900 tutat
2437 3853 2562 3901 nihil

418 3951 586 3983 corum
612 3944 908 3983 nostrorum.
931 3935 1061 3982 Ean.
1092 3959 1164 3970 —-
1190 3929 1446 3981 Sebiitzius
1534 3932 1618 3980 hic
1655 3931 1918 3980 obscurum
1959 3947 2063 3978 esse
2089 3941 2172 3979 aut
2195 3931 2353 3978 videri
2377 3941 2560 3994 potest.

414 4015 550 4060 notis
574 4015 783 4061 Ernestii
804 4015 855 4062 in
878 4013 976 4062 hoc
995 4013 1159 4077 eapite
1182 4013 1443 4062 assentitur
1535 4013 1758 4062 Eanzsr.

420 4090 647 4143 omuino:
1602 4107 1652 4140 a.
1675 4087 1826 4137 Fieri.
1844 4125 1855 4138 .
1873 4089 2022 4158 ,fier-i.
2043 4087 2342 4154 Alterutrum
2367 4088 2506 4139 abest
2527 4105 2561 4144 u
