<?xml version="1.0" encoding="UTF-8"?>
<!DOCTYPE html PUBLIC "-//W3C//DTD XHTML 1.0 Transitional//EN"
    "http://www.w3.org/TR/xhtml1/DTD/xhtml1-transitional.dtd">
<html xmlns="http://www.w3.org/1999/xhtml" xml:lang="en" lang="en">
 <head>
  <title>
</title>
<meta http-equiv="Content-Type" content="text/html;charset=utf-8" />
  <meta name='ocr-system' content='tesseract 3.04.00' />
  <meta name='ocr-capabilities' content='ocr_page ocr_carea ocr_par ocr_line ocrx_word'/>
</head>
<body>
  <div class='ocr_page' id='page_1' title='image "./mtciceronisquae07lemagoog_0147.png"; bbox 0 0 2982 4682; ppageno 0'>
   <div class='ocr_carea' id='block_1_1' title="bbox 27 3933 37 3984">
    <p class='ocr_par' dir='ltr' id='par_1_1' title="bbox 27 3933 37 3984">
     <span class='ocr_line' id='line_1_1' title="bbox 27 3933 37 3984; textangle 90"><span class='ocrx_word' id='word_1_1' title='bbox 27 3933 37 3984; x_wconf 56' lang='lat' dir='ltr'><strong>“a</strong></span> 
     </span>
    </p>
   </div>
   <div class='ocr_carea' id='block_1_2' title="bbox 375 410 2502 633">
    <p class='ocr_par' dir='ltr' id='par_1_2' title="bbox 375 410 2502 633">
     <span class='ocr_line' id='line_1_2' title="bbox 750 410 2494 498; baseline 0.001 -19"><span class='ocrx_word' id='word_1_2' title='bbox 750 412 879 479; x_wconf 88' lang='lat' dir='ltr'><strong>AD</strong></span> <span class='ocrx_word' id='word_1_3' title='bbox 926 411 1523 498; x_wconf 85' lang='lat' dir='ltr'>HERENNIUM,</span> <span class='ocrx_word' id='word_1_4' title='bbox 1573 412 1838 479; x_wconf 86' lang='lat' dir='ltr'>LIBER</span> <span class='ocrx_word' id='word_1_5' title='bbox 1889 413 2023 495; x_wconf 89' lang='lat'>111,</span> <span class='ocrx_word' id='word_1_6' title='bbox 2065 410 2129 481; x_wconf 85' lang='lat'><strong>3.</strong></span> <span class='ocrx_word' id='word_1_7' title='bbox 2313 485 2318 489; x_wconf 80' lang='grc'><em>,</em></span> <span class='ocrx_word' id='word_1_8' title='bbox 2373 436 2494 482; x_wconf 79' lang='lat'><strong>121</strong></span> 
     </span>
     <span class='ocr_line' id='line_1_3' title="bbox 375 530 2502 633; baseline 0 -28"><span class='ocrx_word' id='word_1_9' title='bbox 375 548 757 633; x_wconf 84' lang='lat' dir='ltr'><strong>propterea</strong></span> <span class='ocrx_word' id='word_1_10' title='bbox 784 544 1253 605; x_wconf 82' lang='lat' dir='ltr'>contemnere</span> <span class='ocrx_word' id='word_1_11' title='bbox 1280 546 1654 630; x_wconf 82' lang='lat' dir='ltr'><strong>oportere,</strong></span> <span class='ocrx_word' id='word_1_12' title='bbox 1681 554 1817 603; x_wconf 91' lang='lat' dir='ltr'><strong>nec</strong></span> <span class='ocrx_word' id='word_1_13' title='bbox 1849 530 2146 605; x_wconf 89' lang='lat' dir='ltr'><strong>idoneas</strong></span> <span class='ocrx_word' id='word_1_14' title='bbox 2169 531 2502 631; x_wconf 78' lang='lat' dir='ltr'>dignitati</span> 
     </span>
    </p>
   </div>
   <div class='ocr_carea' id='block_1_3' title="bbox 346 635 2504 741">
    <p class='ocr_par' dir='ltr' id='par_1_3' title="bbox 346 635 2504 741">
     <span class='ocr_line' id='line_1_4' title="bbox 346 635 2504 741; baseline -0.002 -24"><span class='ocrx_word' id='word_1_15' title='bbox 346 648 515 717; x_wconf 80' lang='lat' dir='ltr'><strong>‘suae</strong></span> <span class='ocrx_word' id='word_1_16' title='bbox 546 635 605 690; x_wconf 85' lang='lat'><strong>¹³</strong></span> <span class='ocrx_word' id='word_1_17' title='bbox 644 642 991 739; x_wconf 88' lang='lat' dir='ltr'><strong>judicare.</strong></span> <span class='ocrx_word' id='word_1_18' title='bbox 1035 647 1214 713; x_wconf 88' lang='lat' dir='ltr'><strong>Item</strong></span> <span class='ocrx_word' id='word_1_19' title='bbox 1250 667 1295 713; x_wconf 83' lang='lat' dir='ltr'><strong>a</strong></span> <span class='ocrx_word' id='word_1_20' title='bbox 1328 642 1526 715; x_wconf 87' lang='lat' dir='ltr'><strong>nulla</strong></span> <span class='ocrx_word' id='word_1_21' title='bbox 1550 666 1632 713; x_wconf 36' lang='lat' dir='ltr'><strong>&gt;re</strong></span> <span class='ocrx_word' id='word_1_22' title='bbox 1657 640 1999 730; x_wconf 87' lang='lat' dir='ltr'><strong>honesta,</strong></span> <span class='ocrx_word' id='word_1_23' title='bbox 2037 644 2338 741; x_wconf 88' lang='lat' dir='ltr'><strong>periculi</strong></span> <span class='ocrx_word' id='word_1_24' title='bbox 2378 658 2504 715; x_wconf 87' lang='lat' dir='ltr'><strong>aut</strong></span> 
     </span>
    </p>
   </div>
   <div class='ocr_carea' id='block_1_4' title="bbox 376 749 2514 2057">
    <p class='ocr_par' dir='ltr' id='par_1_4' title="bbox 376 749 2514 2057">
     <span class='ocr_line' id='line_1_5' title="bbox 376 749 2504 851; baseline 0 -28"><span class='ocrx_word' id='word_1_25' title='bbox 376 752 641 824; x_wconf 88' lang='lat' dir='ltr'><strong>laboris</strong></span> <span class='ocrx_word' id='word_1_26' title='bbox 690 749 1191 848; x_wconf 83' lang='lat' dir='ltr'><strong>magnitudine</strong></span> <span class='ocrx_word' id='word_1_27' title='bbox 1232 751 1496 825; x_wconf 88' lang='lat' dir='ltr'><strong>deduci</strong></span> <span class='ocrx_word' id='word_1_28' title='bbox 1549 767 1888 850; x_wconf 84' lang='lat' dir='ltr'><strong>oportere</strong></span> <span class='ocrx_word' id='word_1_29' title='bbox 1950 782 1966 823; x_wconf 91' lang='lat'><strong>:</strong></span> <span class='ocrx_word' id='word_1_30' title='bbox 2019 755 2504 851; x_wconf 83' lang='lat' dir='ltr'><strong>antiquiorem</strong></span> 
     </span>
     <span class='ocr_line' id='line_1_6' title="bbox 378 859 2506 961; baseline 0 -28"><span class='ocrx_word' id='word_1_31' title='bbox 378 877 681 934; x_wconf 87' lang='lat' dir='ltr'><strong>mortem</strong></span> <span class='ocrx_word' id='word_1_32' title='bbox 725 859 1177 959; x_wconf 85' lang='lat' dir='ltr'><strong>turpitudine</strong></span> <span class='ocrx_word' id='word_1_33' title='bbox 1210 860 1477 933; x_wconf 86' lang='lat' dir='ltr'><strong>habere</strong></span> <span class='ocrx_word' id='word_1_34' title='bbox 1498 860 1562 917; x_wconf 74' lang='lat'><strong>¹4</strong></span> <span class='ocrx_word' id='word_1_35' title='bbox 1591 889 1607 932; x_wconf 76' lang='grc' dir='ltr'><strong><em>ε</em></strong></span> <span class='ocrx_word' id='word_1_36' title='bbox 1647 862 1851 933; x_wconf 85' lang='lat' dir='ltr'><strong>nullo</strong></span> <span class='ocrx_word' id='word_1_37' title='bbox 1885 861 2139 935; x_wconf 88' lang='lat' dir='ltr'><strong>dolore</strong></span> <span class='ocrx_word' id='word_1_38' title='bbox 2173 864 2373 961; x_wconf 87' lang='lat' dir='ltr'><strong>cogi,</strong></span> <span class='ocrx_word' id='word_1_39' title='bbox 2419 877 2506 933; x_wconf 87' lang='lat' dir='ltr'><strong>ut</strong></span> 
     </span>
     <span class='ocr_line' id='line_1_7' title="bbox 376 970 2503 1071; baseline -0 -28"><span class='ocrx_word' id='word_1_40' title='bbox 376 972 467 1043; x_wconf 90' lang='lat' dir='ltr'><strong>ab</strong></span> <span class='ocrx_word' id='word_1_41' title='bbox 502 970 745 1043; x_wconf 87' lang='lat' dir='ltr'><strong>officio</strong></span> <span class='ocrx_word' id='word_1_42' title='bbox 777 970 1157 1043; x_wconf 84' lang='lat' dir='ltr'><strong>recedatur</strong></span> <span class='ocrx_word' id='word_1_43' title='bbox 1192 999 1213 1041; x_wconf 72' lang='grc' dir='ltr'><strong><em>ε</em></strong></span> <span class='ocrx_word' id='word_1_44' title='bbox 1250 972 1520 1043; x_wconf 87' lang='lat' dir='ltr'><strong>nullius</strong></span> <span class='ocrx_word' id='word_1_45' title='bbox 1545 997 1682 1071; x_wconf 86' lang='lat' dir='ltr'><strong>pro</strong></span> <span class='ocrx_word' id='word_1_46' title='bbox 1707 974 1812 1044; x_wconf 89' lang='lat' dir='ltr'><strong>rei</strong></span> <span class='ocrx_word' id='word_1_47' title='bbox 1843 974 2144 1045; x_wconf 84' lang='lat' dir='ltr'><strong>veritate</strong></span> <span class='ocrx_word' id='word_1_48' title='bbox 2179 988 2503 1049; x_wconf 84' lang='lat' dir='ltr'><strong>metuere</strong></span> 
     </span>
     <span class='ocr_line' id='line_1_8' title="bbox 376 1080 2506 1182; baseline -0.001 -29"><span class='ocrx_word' id='word_1_49' title='bbox 376 1084 779 1155; x_wconf 86' lang='lat' dir='ltr'><strong>inimicitias</strong></span> <span class='ocrx_word' id='word_1_50' title='bbox 820 1107 836 1151; x_wconf 73' lang='grc' dir='ltr'><strong><em>ε</em></strong></span> <span class='ocrx_word' id='word_1_51' title='bbox 886 1080 1267 1179; x_wconf 84' lang='lat' dir='ltr'><strong>quodlibet</strong></span> <span class='ocrx_word' id='word_1_52' title='bbox 1306 1106 1439 1181; x_wconf 89' lang='lat' dir='ltr'><strong>pro</strong></span> <span class='ocrx_word' id='word_1_53' title='bbox 1472 1084 1698 1181; x_wconf 87' lang='lat' dir='ltr'><strong>patria</strong></span> <span class='ocrx_word' id='word_1_54' title='bbox 1718 1136 1738 1168; x_wconf 88' lang='lat'>‚</span> <span class='ocrx_word' id='word_1_55' title='bbox 1776 1081 2232 1181; x_wconf 77' lang='lat' dir='ltr'><strong>parentibu5‚</strong></span> <span class='ocrx_word' id='word_1_56' title='bbox 2268 1082 2506 1182; x_wconf 87' lang='lat' dir='ltr'><strong>hospi·</strong></span> 
     </span>
     <span class='ocr_line' id='line_1_9' title="bbox 378 1190 2508 1289; baseline 0 -28"><span class='ocrx_word' id='word_1_57' title='bbox 378 1190 611 1281; x_wconf 83' lang='lat' dir='ltr'><strong>tibus,</strong></span> <span class='ocrx_word' id='word_1_58' title='bbox 646 1192 931 1277; x_wconf 77' lang='lat' dir='ltr'><strong>amiciS,</strong></span> <span class='ocrx_word' id='word_1_59' title='bbox 959 1205 1035 1264; x_wconf 91' lang='lat' dir='ltr'><strong>et</strong></span> <span class='ocrx_word' id='word_1_60' title='bbox 1065 1193 1151 1263; x_wconf 90' lang='lat' dir='ltr'><strong>iis</strong></span> <span class='ocrx_word' id='word_1_61' title='bbox 1176 1190 1435 1279; x_wconf 80' lang='lat' dir='ltr'><strong>rebus,</strong></span> <span class='ocrx_word' id='word_1_62' title='bbox 1477 1216 1658 1289; x_wconf 87' lang='lat' dir='ltr'><strong>quas</strong></span> <span class='ocrx_word' id='word_1_63' title='bbox 1696 1193 1971 1287; x_wconf 87' lang='lat' dir='ltr'><strong>justitia</strong></span> <span class='ocrx_word' id='word_1_64' title='bbox 1999 1192 2236 1265; x_wconf 81' lang='lat' dir='ltr'><strong>colere</strong></span> <span class='ocrx_word' id='word_1_65' title='bbox 2281 1194 2508 1289; x_wconf 84' lang='lat' dir='ltr'><strong>cogit,</strong></span> 
     </span>
     <span class='ocr_line' id='line_1_10' title="bbox 378 1300 2504 1399; baseline 0 -28"><span class='ocrx_word' id='word_1_66' title='bbox 378 1300 571 1373; x_wconf 87' lang='lat' dir='ltr'><strong>adire</strong></span> <span class='ocrx_word' id='word_1_67' title='bbox 631 1300 1035 1399; x_wconf 89' lang='lat' dir='ltr'><strong>periculum</strong></span> <span class='ocrx_word' id='word_1_68' title='bbox 1054 1355 1075 1389; x_wconf 88' lang='lat'>,</span> <span class='ocrx_word' id='word_1_69' title='bbox 1143 1316 1216 1372; x_wconf 87' lang='lat' dir='ltr'><strong>et</strong></span> <span class='ocrx_word' id='word_1_70' title='bbox 1264 1300 1666 1398; x_wconf 87' lang='lat' dir='ltr'><strong>quemlibet</strong></span> <span class='ocrx_word' id='word_1_71' title='bbox 1736 1304 2099 1399; x_wconf 86' lang='lat' dir='ltr'><strong>suscipere</strong></span> <span class='ocrx_word' id='word_1_72' title='bbox 2155 1300 2504 1377; x_wconf 87' lang='lat' dir='ltr'><strong>laborem.</strong></span> 
     </span>
     <span class='ocr_line' id='line_1_11' title="bbox 380 1400 2508 1509; baseline -0.001 -26"><span class='ocrx_word' id='word_1_73' title='bbox 380 1409 749 1483; x_wconf 62' lang='lat' dir='ltr'><strong>Modestia·</strong></span> <span class='ocrx_word' id='word_1_74' title='bbox 779 1409 1109 1509; x_wconf 85' lang='lat' dir='ltr'><strong>partibus</strong></span> <span class='ocrx_word' id='word_1_75' title='bbox 1145 1424 1473 1497; x_wconf 89' lang='lat' dir='ltr'><strong>utemur,</strong></span> <span class='ocrx_word' id='word_1_76' title='bbox 1526 1412 1588 1482; x_wconf 93' lang='lat' dir='ltr'><strong>si</strong></span> <span class='ocrx_word' id='word_1_77' title='bbox 1622 1411 1878 1483; x_wconf 88' lang='lat' dir='ltr'><strong>nimias</strong></span> <span class='ocrx_word' id='word_1_78' title='bbox 1915 1408 2250 1483; x_wconf 83' lang='lat' dir='ltr'><strong>libidines</strong></span> <span class='ocrx_word' id='word_1_79' title='bbox 2273 1400 2334 1455; x_wconf 82' lang='lat'><strong>¹5</strong></span> <span class='ocrx_word' id='word_1_80' title='bbox 2370 1409 2508 1481; x_wconf 87' lang='lat' dir='ltr'><strong>ho-</strong></span> 
     </span>
     <span class='ocr_line' id='line_1_12' title="bbox 377 1520 2506 1620; baseline -0.003 -26"><span class='ocrx_word' id='word_1_81' title='bbox 377 1522 607 1606; x_wconf 68' lang='lat' dir='ltr'><strong>noris»,</strong></span> <span class='ocrx_word' id='word_1_82' title='bbox 652 1522 1015 1619; x_wconf 66' lang='lat' dir='ltr'><strong>pecuniae,</strong></span> <span class='ocrx_word' id='word_1_83' title='bbox 1070 1520 1558 1618; x_wconf 86' lang='lat' dir='ltr'><strong>similiumque</strong></span> <span class='ocrx_word' id='word_1_84' title='bbox 1594 1520 2452 1620; x_wconf 86' lang='lat' dir='ltr'><strong>rerum-vituperabimus</strong></span> <span class='ocrx_word' id='word_1_85' title='bbox 2489 1544 2506 1587; x_wconf 92' lang='lat'>:</span> 
     </span>
     <span class='ocr_line' id='line_1_13' title="bbox 380 1629 2512 1728; baseline 0 -27"><span class='ocrx_word' id='word_1_86' title='bbox 380 1632 440 1701; x_wconf 90' lang='lat' dir='ltr'><strong>si</strong></span> <span class='ocrx_word' id='word_1_87' title='bbox 474 1653 1069 1728; x_wconf 83' lang='lat' dir='ltr'><strong>unamquamque</strong></span> <span class='ocrx_word' id='word_1_88' title='bbox 1109 1654 1265 1705; x_wconf 88' lang='lat' dir='ltr'><strong>rem</strong></span> <span class='ocrx_word' id='word_1_89' title='bbox 1307 1645 1508 1701; x_wconf 86' lang='lat' dir='ltr'><strong>certo</strong></span> <span class='ocrx_word' id='word_1_90' title='bbox 1541 1647 1812 1702; x_wconf 78' lang='lat' dir='ltr'><strong>naturae</strong></span> <span class='ocrx_word' id='word_1_91' title='bbox 1855 1634 2170 1702; x_wconf 89' lang='lat' dir='ltr'><strong>termino</strong></span> <span class='ocrx_word' id='word_1_92' title='bbox 2212 1629 2512 1703; x_wconf 87' lang='lat' dir='ltr'><strong>definie-</strong></span> 
     </span>
     <span class='ocr_line' id='line_1_14' title="bbox 382 1736 2514 1838; baseline 0.001 -29"><span class='ocrx_word' id='word_1_93' title='bbox 382 1764 544 1811; x_wconf 89' lang='lat' dir='ltr'><strong>mus</strong></span> <span class='ocrx_word' id='word_1_94' title='bbox 580 1768 599 1810; x_wconf 69' lang='grc' dir='ltr'><strong><em>ε</em></strong></span> <span class='ocrx_word' id='word_1_95' title='bbox 644 1741 743 1827; x_wconf 87' lang='lat' dir='ltr'><strong>si,</strong></span> <span class='ocrx_word' id='word_1_96' title='bbox 800 1740 1043 1837; x_wconf 89' lang='lat' dir='ltr'><strong>quoad</strong></span> <span class='ocrx_word' id='word_1_97' title='bbox 1091 1741 1355 1838; x_wconf 89' lang='lat' dir='ltr'><strong>cuique</strong></span> <span class='ocrx_word' id='word_1_98' title='bbox 1408 1742 1576 1811; x_wconf 87' lang='lat' dir='ltr'><strong>satis</strong></span> <span class='ocrx_word' id='word_1_99' title='bbox 1623 1741 1714 1811; x_wconf 92' lang='lat' dir='ltr'><strong>sit</strong></span> <span class='ocrx_word' id='word_1_100' title='bbox 1753 1736 1856 1824; x_wconf 81' lang='lat'><strong>¹⁶,</strong></span> <span class='ocrx_word' id='word_1_101' title='bbox 1892 1739 2397 1828; x_wconf 76' lang='lat' dir='ltr'><strong>ostendemuS,</strong></span> <span class='ocrx_word' id='word_1_102' title='bbox 2439 1754 2514 1811; x_wconf 90' lang='lat' dir='ltr'><strong>et</strong></span> 
     </span>
     <span class='ocr_line' id='line_1_15' title="bbox 379 1847 2512 1948; baseline -0.001 -27"><span class='ocrx_word' id='word_1_103' title='bbox 379 1852 682 1941; x_wconf 83' lang='lat' dir='ltr'><strong>nimium</strong></span> <span class='ocrx_word' id='word_1_104' title='bbox 708 1849 1050 1948; x_wconf 86' lang='lat' dir='ltr'><strong>progredi</strong></span> <span class='ocrx_word' id='word_1_105' title='bbox 1072 1847 1550 1921; x_wconf 89' lang='lat' dir='ltr'><strong>dissuadebim</strong></span> <span class='ocrx_word' id='word_1_106' title='bbox 1561 1876 1640 1921; x_wconf 91' lang='lat' dir='ltr'><strong>us</strong></span> <span class='ocrx_word' id='word_1_107' title='bbox 1659 1905 1678 1937; x_wconf 91' lang='lat'>‚</span> <span class='ocrx_word' id='word_1_108' title='bbox 1701 1864 1774 1921; x_wconf 90' lang='lat' dir='ltr'><strong>et</strong></span> <span class='ocrx_word' id='word_1_109' title='bbox 1792 1850 2090 1923; x_wconf 87' lang='lat' dir='ltr'><strong>modum</strong></span> <span class='ocrx_word' id='word_1_110' title='bbox 2114 1850 2512 1946; x_wconf 89' lang='lat' dir='ltr'><strong>unicuique</strong></span> 
     </span>
     <span class='ocr_line' id='line_1_16' title="bbox 382 1958 2510 2057; baseline 0 -28"><span class='ocrx_word' id='word_1_111' title='bbox 382 1962 482 2029; x_wconf 87' lang='lat' dir='ltr'><strong>rei</strong></span> <span class='ocrx_word' id='word_1_112' title='bbox 518 1973 935 2030; x_wconf 87' lang='lat' dir='ltr'><strong>statuemus.</strong></span> <span class='ocrx_word' id='word_1_113' title='bbox 967 1960 1393 2055; x_wconf 89' lang='lat' dir='ltr'><strong>Hujusmodi</strong></span> <span class='ocrx_word' id='word_1_114' title='bbox 1429 1974 1669 2057; x_wconf 88' lang='lat' dir='ltr'><strong>partes</strong></span> <span class='ocrx_word' id='word_1_115' title='bbox 1697 1974 1868 2031; x_wconf 86' lang='lat' dir='ltr'><strong>sunt</strong></span> <span class='ocrx_word' id='word_1_116' title='bbox 1900 1961 2218 2047; x_wconf 88' lang='lat' dir='ltr'><strong>virtutis,</strong></span> <span class='ocrx_word' id='word_1_117' title='bbox 2249 1958 2510 2057; x_wconf 84' lang='lat' dir='ltr'><strong>ampli·</strong></span> 
     </span>
    </p>
   </div>
   <div class='ocr_carea' id='block_1_5' title="bbox 2949 641 2959 1465">
    <p class='ocr_par' dir='ltr' id='par_1_5' title="bbox 2949 641 2959 1465">
     <span class='ocr_line' id='line_1_17' title="bbox 2949 641 2959 1465; baseline 0 0"><span class='ocrx_word' id='word_1_118' title='bbox 2949 641 2959 1465; x_wconf 95' lang='lat' dir='ltr'><strong> </strong></span> 
     </span>
    </p>
   </div>
   <div class='ocr_carea' id='block_1_6' title="bbox 384 2169 1409 3105">
    <p class='ocr_par' dir='ltr' id='par_1_6' title="bbox 384 2169 1409 3105">
     <span class='ocr_line' id='line_1_18' title="bbox 384 2169 1406 2237; baseline 0.002 -20"><span class='ocrx_word' id='word_1_119' title='bbox 384 2172 447 2229; x_wconf 70' lang='lat' dir='ltr'><strong>Et</strong></span> <span class='ocrx_word' id='word_1_120' title='bbox 465 2169 591 2219; x_wconf 82' lang='lat' dir='ltr'><strong>illud</strong></span> <span class='ocrx_word' id='word_1_121' title='bbox 617 2189 640 2213; x_wconf 76' lang='grc' dir='ltr'>ι</span> <span class='ocrx_word' id='word_1_122' title='bbox 658 2170 777 2218; x_wconf 79' lang='lat' dir='ltr'><strong>viria</strong></span> <span class='ocrx_word' id='word_1_123' title='bbox 795 2171 1007 2220; x_wconf 74' lang='lat' dir='ltr'><strong>fortibus</strong></span> <span class='ocrx_word' id='word_1_124' title='bbox 1022 2193 1047 2213; x_wconf 71' lang='grc' dir='ltr'><strong>υ</strong></span> <span class='ocrx_word' id='word_1_125' title='bbox 1066 2171 1295 2237; x_wconf 78' lang='lat' dir='ltr'><strong>frigidum</strong></span> <span class='ocrx_word' id='word_1_126' title='bbox 1315 2182 1406 2233; x_wconf 80' lang='lat' dir='ltr'><strong>eat,</strong></span> 
     </span>
     <span class='ocr_line' id='line_1_19' title="bbox 386 2250 1408 2312; baseline 0 -14"><span class='ocrx_word' id='word_1_127' title='bbox 386 2266 535 2312; x_wconf 82' lang='lat' dir='ltr'><strong>quum</strong></span> <span class='ocrx_word' id='word_1_128' title='bbox 578 2251 740 2298; x_wconf 78' lang='lat' dir='ltr'><strong>atatim</strong></span> <span class='ocrx_word' id='word_1_129' title='bbox 786 2250 881 2298; x_wconf 84' lang='lat' dir='ltr'><strong>viri</strong></span> <span class='ocrx_word' id='word_1_130' title='bbox 930 2250 1080 2299; x_wconf 70' lang='lat' dir='ltr'><strong>fortes</strong></span> <span class='ocrx_word' id='word_1_131' title='bbox 1120 2266 1408 2300; x_wconf 82' lang='lat' dir='ltr'><strong>commemo-</strong></span> 
     </span>
     <span class='ocr_line' id='line_1_20' title="bbox 386 2328 1407 2394; baseline -0.002 -16"><span class='ocrx_word' id='word_1_132' title='bbox 386 2340 574 2391; x_wconf 78' lang='lat' dir='ltr'><strong>rent-nr,</strong></span> <span class='ocrx_word' id='word_1_133' title='bbox 598 2339 649 2377; x_wconf 91' lang='lat' dir='ltr'><strong>et</strong></span> <span class='ocrx_word' id='word_1_134' title='bbox 673 2330 763 2378; x_wconf 73' lang='lat' dir='ltr'><strong>vel</strong></span> <span class='ocrx_word' id='word_1_135' title='bbox 778 2328 922 2394; x_wconf 84' lang='lat' dir='ltr'><strong>plane</strong></span> <span class='ocrx_word' id='word_1_136' title='bbox 949 2328 1157 2378; x_wconf 82' lang='lat' dir='ltr'><strong>alienum</strong></span> <span class='ocrx_word' id='word_1_137' title='bbox 1182 2340 1256 2380; x_wconf 85' lang='lat' dir='ltr'><strong>eat</strong></span> <span class='ocrx_word' id='word_1_138' title='bbox 1272 2366 1287 2391; x_wconf 88' lang='lat'>‚</span> <span class='ocrx_word' id='word_1_139' title='bbox 1313 2330 1407 2378; x_wconf 77' lang='lat' dir='ltr'><strong>nisi</strong></span> 
     </span>
     <span class='ocr_line' id='line_1_21' title="bbox 390 2405 1408 2474; baseline 0.003 -19"><span class='ocrx_word' id='word_1_140' title='bbox 390 2408 739 2472; x_wconf 69' lang='lat' dir='ltr'><strong>transpositum</strong></span> <span class='ocrx_word' id='word_1_141' title='bbox 778 2405 911 2458; x_wconf 69' lang='lat' dir='ltr'><strong>dieas</strong></span> <span class='ocrx_word' id='word_1_142' title='bbox 926 2443 941 2467; x_wconf 90' lang='lat'>‚</span> <span class='ocrx_word' id='word_1_143' title='bbox 981 2421 1033 2458; x_wconf 85' lang='lat' dir='ltr'><strong>et</strong></span> <span class='ocrx_word' id='word_1_144' title='bbox 1060 2408 1125 2458; x_wconf 84' lang='lat' dir='ltr'><strong>ad</strong></span> <span class='ocrx_word' id='word_1_145' title='bbox 1152 2421 1408 2474; x_wconf 75' lang='lat' dir='ltr'><strong>propterea</strong></span> 
     </span>
     <span class='ocr_line' id='line_1_22' title="bbox 390 2485 1407 2552; baseline 0.003 -18"><span class='ocrx_word' id='word_1_146' title='bbox 390 2487 651 2552; x_wconf 82' lang='lat' dir='ltr'><strong>pertinere.</strong></span> <span class='ocrx_word' id='word_1_147' title='bbox 693 2485 789 2533; x_wconf 78' lang='lat' dir='ltr'><strong>Sed</strong></span> <span class='ocrx_word' id='word_1_148' title='bbox 831 2497 881 2534; x_wconf 89' lang='lat' dir='ltr'><strong>et</strong></span> <span class='ocrx_word' id='word_1_149' title='bbox 908 2498 1170 2552; x_wconf 78' lang='lat' dir='ltr'><strong>propterea</strong></span> <span class='ocrx_word' id='word_1_150' title='bbox 1207 2488 1345 2538; x_wconf 75' lang='lat' dir='ltr'><strong>abeat</strong></span> <span class='ocrx_word' id='word_1_151' title='bbox 1378 2504 1407 2537; x_wconf 84' lang='lat' dir='ltr'><strong>a</strong></span> 
     </span>
     <span class='ocr_line' id='line_1_23' title="bbox 387 2563 1407 2630; baseline -0.001 -16"><span class='ocrx_word' id='word_1_152' title='bbox 387 2567 512 2614; x_wconf 77' lang='lat' dir='ltr'><strong>MSS</strong></span> <span class='ocrx_word' id='word_1_153' title='bbox 542 2564 769 2630; x_wconf 76' lang='lat' dir='ltr'><strong>pluribus</strong></span> <span class='ocrx_word' id='word_1_154' title='bbox 802 2575 853 2612; x_wconf 91' lang='lat' dir='ltr'><strong>et</strong></span> <span class='ocrx_word' id='word_1_155' title='bbox 885 2563 999 2622; x_wconf 74' lang='lat' dir='ltr'><strong>edd,</strong></span> <span class='ocrx_word' id='word_1_156' title='bbox 1028 2567 1159 2616; x_wconf 67' lang='lat' dir='ltr'><strong>Ean.</strong></span> <span class='ocrx_word' id='word_1_157' title='bbox 1187 2593 1258 2604; x_wconf 89' lang='lat'><strong>—-</strong></span> <span class='ocrx_word' id='word_1_158' title='bbox 1294 2566 1407 2616; x_wconf 83' lang='lat' dir='ltr'><strong>Sch.</strong></span> 
     </span>
     <span class='ocr_line' id='line_1_24' title="bbox 389 2644 1407 2710; baseline 0.002 -17"><span class='ocrx_word' id='word_1_159' title='bbox 389 2644 515 2695; x_wconf 81' lang='lat' dir='ltr'><strong>delet</strong></span> <span class='ocrx_word' id='word_1_160' title='bbox 556 2645 703 2693; x_wconf 84' lang='lat' dir='ltr'><strong>etiam</strong></span> <span class='ocrx_word' id='word_1_161' title='bbox 740 2655 1029 2709; x_wconf 75' lang='lat' dir='ltr'><strong>propter-ea,</strong></span> <span class='ocrx_word' id='word_1_162' title='bbox 1062 2660 1291 2710; x_wconf 80' lang='lat' dir='ltr'><strong>proram,</strong></span> <span class='ocrx_word' id='word_1_163' title='bbox 1330 2647 1407 2694; x_wconf 86' lang='lat' dir='ltr'><strong>in-</strong></span> 
     </span>
     <span class='ocr_line' id='line_1_25' title="bbox 391 2723 1409 2790; baseline 0.003 -19"><span class='ocrx_word' id='word_1_164' title='bbox 391 2724 523 2786; x_wconf 81' lang='lat' dir='ltr'><strong>quit,</strong></span> <span class='ocrx_word' id='word_1_165' title='bbox 552 2723 783 2772; x_wconf 70' lang='lat' dir='ltr'><strong>otiosum.</strong></span> <span class='ocrx_word' id='word_1_166' title='bbox 817 2725 1011 2774; x_wconf 79' lang='lat' dir='ltr'><strong>Gruter.</strong></span> <span class='ocrx_word' id='word_1_167' title='bbox 1051 2746 1077 2767; x_wconf 73' lang='grc' dir='ltr'><strong>ο·</strong></span> <span class='ocrx_word' id='word_1_168' title='bbox 1093 2735 1141 2772; x_wconf 88' lang='lat' dir='ltr'><strong>et</strong></span> <span class='ocrx_word' id='word_1_169' title='bbox 1174 2725 1409 2790; x_wconf 74' lang='lat' dir='ltr'><strong>indignos</strong></span> 
     </span>
     <span class='ocr_line' id='line_1_26' title="bbox 389 2789 1407 2853; baseline 0.002 -3"><span class='ocrx_word' id='word_1_170' title='bbox 389 2789 509 2852; x_wconf 66' lang='lat' dir='ltr'><strong>viris</strong></span> <span class='ocrx_word' id='word_1_171' title='bbox 543 2802 757 2850; x_wconf 75' lang='lat' dir='ltr'><strong>fortibus</strong></span> <span class='ocrx_word' id='word_1_172' title='bbox 792 2802 867 2849; x_wconf 78' lang='lat' dir='ltr'><strong>vel</strong></span> <span class='ocrx_word' id='word_1_173' title='bbox 897 2803 1029 2850; x_wconf 75' lang='lat' dir='ltr'><strong>viro.</strong></span> <span class='ocrx_word' id='word_1_174' title='bbox 1065 2804 1216 2852; x_wconf 64' lang='lat' dir='ltr'><strong>sones</strong></span> <span class='ocrx_word' id='word_1_175' title='bbox 1236 2826 1277 2853; x_wconf 57' lang='grc' dir='ltr'><strong>η.</strong></span> <span class='ocrx_word' id='word_1_176' title='bbox 1302 2805 1407 2852; x_wconf 70' lang='grc' dir='ltr'><strong>Λα-</strong></span> 
     </span>
     <span class='ocr_line' id='line_1_27' title="bbox 394 2881 1407 2948; baseline 0.001 -18"><span class='ocrx_word' id='word_1_177' title='bbox 394 2881 523 2942; x_wconf 86' lang='lat' dir='ltr'><strong>didi,</strong></span> <span class='ocrx_word' id='word_1_178' title='bbox 548 2882 744 2945; x_wconf 82' lang='lat' dir='ltr'><strong>inquit,</strong></span> <span class='ocrx_word' id='word_1_179' title='bbox 779 2899 807 2928; x_wconf 83' lang='lat' dir='ltr'><strong>e</strong></span> <span class='ocrx_word' id='word_1_180' title='bbox 840 2881 941 2938; x_wconf 86' lang='lat' dir='ltr'><strong>Pal.</strong></span> <span class='ocrx_word' id='word_1_181' title='bbox 970 2893 1144 2946; x_wconf 84' lang='lat' dir='ltr'><strong>quarto</strong></span> <span class='ocrx_word' id='word_1_182' title='bbox 1170 2883 1407 2948; x_wconf 73' lang='lat' dir='ltr'><strong>syllabam</strong></span> 
     </span>
     <span class='ocr_line' id='line_1_28' title="bbox 393 2959 1406 3024; baseline 0.001 -15"><span class='ocrx_word' id='word_1_183' title='bbox 393 2960 480 3009; x_wconf 79' lang='lat' dir='ltr'><strong>vel</strong></span> <span class='ocrx_word' id='word_1_184' title='bbox 488 2980 511 3018; x_wconf 88' lang='lat'><strong>,·</strong></span> <span class='ocrx_word' id='word_1_185' title='bbox 537 2959 677 3024; x_wconf 84' lang='lat' dir='ltr'><strong>quod</strong></span> <span class='ocrx_word' id='word_1_186' title='bbox 684 2971 951 3024; x_wconf 80' lang='lat' dir='ltr'><strong>propterea</strong></span> <span class='ocrx_word' id='word_1_187' title='bbox 968 2959 1097 3008; x_wconf 81' lang='lat' dir='ltr'><strong>illud</strong></span> <span class='ocrx_word' id='word_1_188' title='bbox 1116 2961 1406 3010; x_wconf 75' lang='lat' dir='ltr'><strong>invenissem</strong></span> 
     </span>
     <span class='ocr_line' id='line_1_29' title="bbox 394 3037 1409 3105; baseline 0 -17"><span class='ocrx_word' id='word_1_189' title='bbox 394 3039 449 3088; x_wconf 86' lang='lat' dir='ltr'><strong>in</strong></span> <span class='ocrx_word' id='word_1_190' title='bbox 475 3039 699 3104; x_wconf 84' lang='lat' dir='ltr'><strong>plurihna</strong></span> <span class='ocrx_word' id='word_1_191' title='bbox 731 3038 991 3100; x_wconf 70' lang='lat' dir='ltr'><strong>Palatinis,</strong></span> <span class='ocrx_word' id='word_1_192' title='bbox 1026 3039 1165 3103; x_wconf 79' lang='lat' dir='ltr'><strong>quod</strong></span> <span class='ocrx_word' id='word_1_193' title='bbox 1188 3037 1409 3105; x_wconf 82' lang='lat' dir='ltr'><strong>alioquin</strong></span> 
     </span>
    </p>
   </div>
   <div class='ocr_carea' id='block_1_7' title="bbox 298 3115 1409 3180">
    <p class='ocr_par' dir='ltr' id='par_1_7' title="bbox 298 3115 1409 3180">
     <span class='ocr_line' id='line_1_30' title="bbox 298 3115 1409 3180; baseline -0.002 -12"><span class='ocrx_word' id='word_1_194' title='bbox 298 3126 310 3137; x_wconf 82' lang='lat'><strong>‘</strong></span> <span class='ocrx_word' id='word_1_195' title='bbox 394 3118 655 3168; x_wconf 78' lang='lat' dir='ltr'><strong>Gulielmio</strong></span> <span class='ocrx_word' id='word_1_196' title='bbox 698 3115 968 3166; x_wconf 84' lang='lat' dir='ltr'><strong>tollendum</strong></span> <span class='ocrx_word' id='word_1_197' title='bbox 1016 3117 1295 3180; x_wconf 81' lang='lat' dir='ltr'><strong>videbatur,</strong></span> <span class='ocrx_word' id='word_1_198' title='bbox 1330 3129 1409 3166; x_wconf 88' lang='lat' dir='ltr'><strong>nt-</strong></span> 
     </span>
    </p>
   </div>
   <div class='ocr_carea' id='block_1_8' title="bbox 392 3197 1431 4209">
    <p class='ocr_par' dir='ltr' id='par_1_8' title="bbox 392 3197 1417 3499">
     <span class='ocr_line' id='line_1_31' title="bbox 396 3197 1415 3263; baseline 0 -17"><span class='ocrx_word' id='word_1_199' title='bbox 396 3209 511 3263; x_wconf 84' lang='lat' dir='ltr'><strong>pote</strong></span> <span class='ocrx_word' id='word_1_200' title='bbox 536 3215 563 3246; x_wconf 89' lang='lat' dir='ltr'><strong>e</strong></span> <span class='ocrx_word' id='word_1_201' title='bbox 583 3197 721 3244; x_wconf 70' lang='lat' dir='ltr'><strong>libris</strong></span> <span class='ocrx_word' id='word_1_202' title='bbox 743 3197 933 3261; x_wconf 70' lang='lat' dir='ltr'><strong>aliquot</strong></span> <span class='ocrx_word' id='word_1_203' title='bbox 954 3197 1108 3252; x_wconf 80' lang='lat' dir='ltr'><strong>exsul.</strong></span> <span class='ocrx_word' id='word_1_204' title='bbox 1122 3198 1172 3244; x_wconf 87' lang='lat' dir='ltr'><strong>Si</strong></span> <span class='ocrx_word' id='word_1_205' title='bbox 1189 3199 1269 3254; x_wconf 77' lang='lat' dir='ltr'><strong>cni</strong></span> <span class='ocrx_word' id='word_1_206' title='bbox 1287 3199 1415 3250; x_wconf 72' lang='lat' dir='ltr'><strong>forte</strong></span> 
     </span>
     <span class='ocr_line' id='line_1_32' title="bbox 397 3275 1416 3342; baseline 0.001 -18"><span class='ocrx_word' id='word_1_207' title='bbox 397 3276 482 3324; x_wconf 76' lang='lat' dir='ltr'><strong>vel</strong></span> <span class='ocrx_word' id='word_1_208' title='bbox 499 3275 755 3340; x_wconf 76' lang='lat' dir='ltr'><strong>indignum</strong></span> <span class='ocrx_word' id='word_1_209' title='bbox 774 3284 977 3340; x_wconf 80' lang='lat' dir='ltr'><strong>putatur</strong></span> <span class='ocrx_word' id='word_1_210' title='bbox 991 3286 1147 3334; x_wconf 82' lang='lat' dir='ltr'><strong>textu,</strong></span> <span class='ocrx_word' id='word_1_211' title='bbox 1167 3276 1210 3324; x_wconf 76' lang='lat' dir='ltr'><strong>is</strong></span> <span class='ocrx_word' id='word_1_212' title='bbox 1234 3278 1416 3342; x_wconf 85' lang='lat' dir='ltr'><strong>poterit</strong></span> 
     </span>
     <span class='ocr_line' id='line_1_33' title="bbox 392 3354 1417 3420; baseline 0.003 -19"><span class='ocrx_word' id='word_1_213' title='bbox 392 3367 651 3420; x_wconf 76' lang='lat' dir='ltr'><strong>propterea</strong></span> <span class='ocrx_word' id='word_1_214' title='bbox 695 3363 881 3402; x_wconf 84' lang='lat' dir='ltr'><strong>mutare</strong></span> <span class='ocrx_word' id='word_1_215' title='bbox 916 3354 969 3402; x_wconf 85' lang='lat' dir='ltr'><strong>in</strong></span> <span class='ocrx_word' id='word_1_216' title='bbox 999 3366 1246 3417; x_wconf 72' lang='lat' dir='ltr'><strong>praterea</strong></span> <span class='ocrx_word' id='word_1_217' title='bbox 1258 3391 1275 3416; x_wconf 88' lang='lat'><em>‚</em></span> <span class='ocrx_word' id='word_1_218' title='bbox 1317 3354 1417 3404; x_wconf 83' lang='lat' dir='ltr'><strong>fide</strong></span> 
     </span>
     <span class='ocr_line' id='line_1_34' title="bbox 400 3433 875 3499; baseline -0.002 -16"><span class='ocrx_word' id='word_1_219' title='bbox 400 3435 499 3484; x_wconf 69' lang='lat'><strong>1³21.</strong></span> <span class='ocrx_word' id='word_1_220' title='bbox 522 3451 599 3499; x_wconf 79' lang='lat' dir='ltr'><strong>pr.</strong></span> <span class='ocrx_word' id='word_1_221' title='bbox 615 3449 674 3482; x_wconf 76' lang='lat' dir='ltr'><strong>ac</strong></span> <span class='ocrx_word' id='word_1_222' title='bbox 697 3433 875 3496; x_wconf 83' lang='lat' dir='ltr'><strong>quinti.</strong></span> 
     </span>
    </p>

    <p class='ocr_par' dir='ltr' id='par_1_9' title="bbox 402 3509 1431 4209">
     <span class='ocr_line' id='line_1_35' title="bbox 474 3509 1421 3576; baseline -0.003 -13"><span class='ocrx_word' id='word_1_223' title='bbox 474 3515 553 3563; x_wconf 78' lang='lat'><strong>13.</strong></span> <span class='ocrx_word' id='word_1_224' title='bbox 568 3515 675 3562; x_wconf 84' lang='lat' dir='ltr'><strong>Nec</strong></span> <span class='ocrx_word' id='word_1_225' title='bbox 691 3512 897 3560; x_wconf 75' lang='lat' dir='ltr'><strong>idoneas</strong></span> <span class='ocrx_word' id='word_1_226' title='bbox 916 3509 1153 3576; x_wconf 65' lang='lat' dir='ltr'><strong>dignitati</strong></span> <span class='ocrx_word' id='word_1_227' title='bbox 1170 3513 1421 3562; x_wconf 79' lang='lat' dir='ltr'><strong>suoe.&#39;Vul-</strong></span> 
     </span>
     <span class='ocr_line' id='line_1_36' title="bbox 402 3591 1421 3658; baseline 0 -18"><span class='ocrx_word' id='word_1_228' title='bbox 402 3602 539 3658; x_wconf 72' lang='lat' dir='ltr'><strong>gatar</strong></span> <span class='ocrx_word' id='word_1_229' title='bbox 556 3615 581 3635; x_wconf 72' lang='grc' dir='ltr'><strong><em>κ</em></strong></span> <span class='ocrx_word' id='word_1_230' title='bbox 600 3592 835 3656; x_wconf 75' lang='lat' dir='ltr'><strong>dignitate</strong></span> <span class='ocrx_word' id='word_1_231' title='bbox 851 3607 935 3640; x_wconf 79' lang='lat' dir='ltr'><strong>aua</strong></span> <span class='ocrx_word' id='word_1_232' title='bbox 955 3613 1002 3641; x_wconf 75' lang='grc' dir='ltr'><strong>ι».</strong></span> <span class='ocrx_word' id='word_1_233' title='bbox 1018 3593 1119 3640; x_wconf 81' lang='lat' dir='ltr'><strong>Vix</strong></span> <span class='ocrx_word' id='word_1_234' title='bbox 1137 3608 1303 3640; x_wconf 84' lang='lat' dir='ltr'><strong>verum</strong></span> <span class='ocrx_word' id='word_1_235' title='bbox 1322 3591 1421 3640; x_wconf 82' lang='lat' dir='ltr'><strong>hoc</strong></span> 
     </span>
     <span class='ocr_line' id='line_1_37' title="bbox 405 3669 1423 3736; baseline -0.002 -16"><span class='ocrx_word' id='word_1_236' title='bbox 405 3683 548 3736; x_wconf 83' lang='lat' dir='ltr'><strong>puto,</strong></span> <span class='ocrx_word' id='word_1_237' title='bbox 572 3672 736 3735; x_wconf 83' lang='lat' dir='ltr'><strong>inquit</strong></span> <span class='ocrx_word' id='word_1_238' title='bbox 762 3671 879 3719; x_wconf 86' lang='lat' dir='ltr'><strong>Ern.</strong></span> <span class='ocrx_word' id='word_1_239' title='bbox 904 3669 1117 3720; x_wconf 70' lang='lat' dir='ltr'><strong>Idoneus</strong></span> <span class='ocrx_word' id='word_1_240' title='bbox 1143 3685 1257 3720; x_wconf 82' lang='lat' dir='ltr'><strong>cum</strong></span> <span class='ocrx_word' id='word_1_241' title='bbox 1284 3669 1423 3718; x_wconf 79' lang='lat' dir='ltr'><strong>abln-</strong></span> 
     </span>
     <span class='ocr_line' id='line_1_38' title="bbox 406 3748 1423 3814; baseline -0.001 -17"><span class='ocrx_word' id='word_1_242' title='bbox 406 3751 508 3798; x_wconf 76' lang='lat' dir='ltr'><strong>tivo</strong></span> <span class='ocrx_word' id='word_1_243' title='bbox 530 3765 771 3814; x_wconf 73' lang='lat' dir='ltr'><strong>nunquam</strong></span> <span class='ocrx_word' id='word_1_244' title='bbox 792 3748 965 3814; x_wconf 83' lang='lat' dir='ltr'><strong>reperi.</strong></span> <span class='ocrx_word' id='word_1_245' title='bbox 984 3748 1077 3796; x_wconf 84' lang='lat' dir='ltr'><strong>Ed.</strong></span> <span class='ocrx_word' id='word_1_246' title='bbox 1103 3767 1118 3796; x_wconf 83' lang='lat' dir='ltr'><strong>t</strong></span> <span class='ocrx_word' id='word_1_247' title='bbox 1132 3752 1235 3810; x_wconf 72' lang='grc'><strong>474</strong></span> <span class='ocrx_word' id='word_1_248' title='bbox 1252 3782 1267 3807; x_wconf 89' lang='grc'><em>,</em></span> <span class='ocrx_word' id='word_1_249' title='bbox 1288 3769 1309 3790; x_wconf 77' lang='grc' dir='ltr'>ι</span> <span class='ocrx_word' id='word_1_250' title='bbox 1334 3765 1423 3796; x_wconf 89' lang='lat' dir='ltr'><strong>nec</strong></span> 
     </span>
     <span class='ocr_line' id='line_1_39' title="bbox 406 3827 1425 3892; baseline 0 -16"><span class='ocrx_word' id='word_1_251' title='bbox 406 3828 612 3876; x_wconf 75' lang='lat' dir='ltr'><strong>idoneus</strong></span> <span class='ocrx_word' id='word_1_252' title='bbox 636 3844 731 3892; x_wconf 85' lang='lat' dir='ltr'><strong>pro</strong></span> <span class='ocrx_word' id='word_1_253' title='bbox 752 3843 835 3876; x_wconf 77' lang='lat' dir='ltr'><strong>sua</strong></span> <span class='ocrx_word' id='word_1_254' title='bbox 856 3827 1091 3891; x_wconf 79' lang='lat' dir='ltr'><strong>dignitate</strong></span> <span class='ocrx_word' id='word_1_255' title='bbox 1108 3827 1216 3888; x_wconf 77' lang='lat' dir='ltr'><strong>jud.</strong></span> <span class='ocrx_word' id='word_1_256' title='bbox 1240 3847 1263 3870; x_wconf 78' lang='grc' dir='ltr'>ι</span> <span class='ocrx_word' id='word_1_257' title='bbox 1296 3827 1425 3876; x_wconf 88' lang='lat' dir='ltr'><strong>unde</strong></span> 
     </span>
     <span class='ocr_line' id='line_1_40' title="bbox 408 3905 1427 3971; baseline 0 -17"><span class='ocrx_word' id='word_1_258' title='bbox 408 3917 529 3971; x_wconf 74' lang='lat' dir='ltr'><strong>puto</strong></span> <span class='ocrx_word' id='word_1_259' title='bbox 562 3917 812 3954; x_wconf 84' lang='lat' dir='ltr'><strong>auctorem</strong></span> <span class='ocrx_word' id='word_1_260' title='bbox 848 3905 1127 3970; x_wconf 72' lang='lat' dir='ltr'><strong>scripsisse,</strong></span> <span class='ocrx_word' id='word_1_261' title='bbox 1160 3927 1183 3947; x_wconf 79' lang='grc' dir='ltr'><strong>ιι</strong></span> <span class='ocrx_word' id='word_1_262' title='bbox 1208 3923 1300 3954; x_wconf 87' lang='lat' dir='ltr'><strong>nec</strong></span> <span class='ocrx_word' id='word_1_263' title='bbox 1347 3923 1427 3954; x_wconf 82' lang='lat' dir='ltr'><strong>eaa</strong></span> 
     </span>
     <span class='ocr_line' id='line_1_41' title="bbox 412 3985 1427 4050; baseline 0 -18"><span class='ocrx_word' id='word_1_264' title='bbox 412 4001 504 4048; x_wconf 84' lang='lat' dir='ltr'><strong>pro</strong></span> <span class='ocrx_word' id='word_1_265' title='bbox 528 4001 613 4033; x_wconf 74' lang='lat' dir='ltr'><strong>ana</strong></span> <span class='ocrx_word' id='word_1_266' title='bbox 639 3985 875 4050; x_wconf 75' lang='lat' dir='ltr'><strong>dignitate</strong></span> <span class='ocrx_word' id='word_1_267' title='bbox 887 3985 1106 4044; x_wconf 82' lang='lat' dir='ltr'><strong>judicare</strong></span> <span class='ocrx_word' id='word_1_268' title='bbox 1124 4008 1148 4027; x_wconf 69' lang='lat' dir='ltr'><strong>a»</strong></span> <span class='ocrx_word' id='word_1_269' title='bbox 1170 4003 1184 4044; x_wconf 91' lang='lat'>;</span> <span class='ocrx_word' id='word_1_270' title='bbox 1207 3986 1343 4049; x_wconf 86' lang='lat' dir='ltr'><strong>quod</strong></span> <span class='ocrx_word' id='word_1_271' title='bbox 1356 3998 1427 4034; x_wconf 74' lang='lat' dir='ltr'><strong>est</strong></span> 
     </span>
     <span class='ocr_line' id='line_1_42' title="bbox 413 4063 1431 4128; baseline 0 -18"><span class='ocrx_word' id='word_1_272' title='bbox 413 4063 632 4128; x_wconf 67' lang='lat' dir='ltr'><strong>elegans,</strong></span> <span class='ocrx_word' id='word_1_273' title='bbox 670 4075 717 4111; x_wconf 89' lang='lat' dir='ltr'><strong>et</strong></span> <span class='ocrx_word' id='word_1_274' title='bbox 761 4079 863 4111; x_wconf 86' lang='lat' dir='ltr'><strong>uon</strong></span> <span class='ocrx_word' id='word_1_275' title='bbox 902 4063 1123 4127; x_wconf 81' lang='lat' dir='ltr'><strong>profecto</strong></span> <span class='ocrx_word' id='word_1_276' title='bbox 1162 4081 1187 4112; x_wconf 80' lang='lat' dir='ltr'><strong>a</strong></span> <span class='ocrx_word' id='word_1_277' title='bbox 1233 4063 1431 4111; x_wconf 77' lang='lat' dir='ltr'><strong>librario</strong></span> 
     </span>
     <span class='ocr_line' id='line_1_43' title="bbox 416 4141 1431 4209; baseline 0.001 -20"><span class='ocrx_word' id='word_1_278' title='bbox 416 4153 595 4197; x_wconf 75' lang='lat' dir='ltr'><strong>ortum.</strong></span> <span class='ocrx_word' id='word_1_279' title='bbox 626 4169 695 4181; x_wconf 90' lang='lat'><strong>--</strong></span> <span class='ocrx_word' id='word_1_280' title='bbox 728 4141 925 4194; x_wconf 72' lang='lat' dir='ltr'><strong>schfitz.</strong></span> <span class='ocrx_word' id='word_1_281' title='bbox 948 4165 969 4186; x_wconf 81' lang='grc' dir='ltr'>ι</span> <span class='ocrx_word' id='word_1_282' title='bbox 998 4159 1089 4209; x_wconf 87' lang='lat' dir='ltr'><strong>pro</strong></span> <span class='ocrx_word' id='word_1_283' title='bbox 1130 4143 1367 4208; x_wconf 79' lang='lat' dir='ltr'><strong>dignitate</strong></span> <span class='ocrx_word' id='word_1_284' title='bbox 1388 4166 1431 4190; x_wconf 76' lang='grc' dir='ltr'><strong>ι.</strong></span> 
     </span>
    </p>
   </div>
   <div class='ocr_carea' id='block_1_9' title="bbox 1493 2171 2536 4209">
    <p class='ocr_par' dir='ltr' id='par_1_10' title="bbox 1495 2171 2512 2313">
     <span class='ocr_line' id='line_1_44' title="bbox 1495 2171 2512 2235; baseline 0.002 -16"><span class='ocrx_word' id='word_1_285' title='bbox 1495 2172 1620 2219; x_wconf 85' lang='lat' dir='ltr'><strong>Edd.</strong></span> <span class='ocrx_word' id='word_1_286' title='bbox 1656 2172 1813 2235; x_wconf 65' lang='lat'>1476,</span> <span class='ocrx_word' id='word_1_287' title='bbox 1853 2171 1989 2221; x_wconf 81' lang='lat' dir='ltr'><strong>Med.</strong></span> <span class='ocrx_word' id='word_1_288' title='bbox 2021 2172 2183 2235; x_wconf 66' lang='lat'><strong>1:398,</strong></span> <span class='ocrx_word' id='word_1_289' title='bbox 2207 2181 2258 2219; x_wconf 87' lang='lat' dir='ltr'><strong>et</strong></span> <span class='ocrx_word' id='word_1_290' title='bbox 2275 2171 2512 2221; x_wconf 67' lang='lat' dir='ltr'><strong>Gruterus</strong></span> 
     </span>
     <span class='ocr_line' id='line_1_45' title="bbox 1499 2250 1958 2313; baseline 0.004 -15"><span class='ocrx_word' id='word_1_291' title='bbox 1499 2269 1523 2292; x_wconf 77' lang='grc' dir='ltr'><strong>ιι</strong></span> <span class='ocrx_word' id='word_1_292' title='bbox 1543 2250 1778 2313; x_wconf 84' lang='lat' dir='ltr'><strong>dignitate</strong></span> <span class='ocrx_word' id='word_1_293' title='bbox 1804 2266 1891 2299; x_wconf 77' lang='lat' dir='ltr'><strong>sua</strong></span> <span class='ocrx_word' id='word_1_294' title='bbox 1913 2274 1958 2299; x_wconf 71' lang='lat' dir='ltr'><strong>a.</strong></span> 
     </span>
    </p>

    <p class='ocr_par' dir='ltr' id='par_1_11' title="bbox 1495 2325 2516 2695">
     <span class='ocr_line' id='line_1_46' title="bbox 1572 2325 2514 2396; baseline -0.002 -16"><span class='ocrx_word' id='word_1_295' title='bbox 1572 2334 1653 2392; x_wconf 72' lang='lat'><strong>14.</strong></span> <span class='ocrx_word' id='word_1_296' title='bbox 1685 2329 1996 2396; x_wconf 75' lang='lat' dir='ltr'><strong>Turpitudae’ne</strong></span> <span class='ocrx_word' id='word_1_297' title='bbox 2029 2328 2224 2379; x_wconf 76' lang='lat' dir='ltr'><strong>babere.</strong></span> <span class='ocrx_word' id='word_1_298' title='bbox 2263 2326 2345 2377; x_wconf 77' lang='lat' dir='ltr'><strong>sie</strong></span> <span class='ocrx_word' id='word_1_299' title='bbox 2377 2325 2514 2378; x_wconf 87' lang='lat' dir='ltr'><strong>edidi</strong></span> 
     </span>
     <span class='ocr_line' id='line_1_47' title="bbox 1495 2408 2512 2475; baseline -0.001 -18"><span class='ocrx_word' id='word_1_300' title='bbox 1495 2409 1766 2458; x_wconf 74' lang='lat' dir='ltr'><strong>necessario</strong></span> <span class='ocrx_word' id='word_1_301' title='bbox 1804 2425 1898 2472; x_wconf 85' lang='lat' dir='ltr'><strong>pro</strong></span> <span class='ocrx_word' id='word_1_302' title='bbox 1939 2408 2140 2467; x_wconf 50' lang='lat' dir='ltr'><strong>haben]-</strong></span> <span class='ocrx_word' id='word_1_303' title='bbox 2175 2409 2358 2475; x_wconf 86' lang='lat' dir='ltr'><strong>pendet</strong></span> <span class='ocrx_word' id='word_1_304' title='bbox 2380 2410 2512 2457; x_wconf 83' lang='lat' dir='ltr'><strong>euim</strong></span> 
     </span>
     <span class='ocr_line' id='line_1_48' title="bbox 1496 2488 2508 2552; baseline -0.001 -16"><span class='ocrx_word' id='word_1_305' title='bbox 1496 2505 1608 2536; x_wconf 87' lang='lat' dir='ltr'><strong>cum</strong></span> <span class='ocrx_word' id='word_1_306' title='bbox 1637 2488 1954 2552; x_wconf 69' lang='lat' dir='ltr'><strong>sequentibus</strong></span> <span class='ocrx_word' id='word_1_307' title='bbox 1995 2506 2022 2537; x_wconf 88' lang='lat' dir='ltr'><strong>a</strong></span> <span class='ocrx_word' id='word_1_308' title='bbox 2068 2512 2094 2533; x_wconf 72' lang='grc' dir='ltr'><strong>ιι</strong></span> <span class='ocrx_word' id='word_1_309' title='bbox 2119 2489 2254 2536; x_wconf 77' lang='lat' dir='ltr'><strong>viros</strong></span> <span class='ocrx_word' id='word_1_310' title='bbox 2278 2489 2508 2546; x_wconf 73' lang='lat' dir='ltr'><strong>fortes-3</strong></span> 
     </span>
     <span class='ocr_line' id='line_1_49' title="bbox 1495 2565 2516 2632; baseline 0.002 -18"><span class='ocrx_word' id='word_1_311' title='bbox 1495 2567 1626 2616; x_wconf 81' lang='lat' dir='ltr'><strong>unde</strong></span> <span class='ocrx_word' id='word_1_312' title='bbox 1661 2578 1712 2614; x_wconf 89' lang='lat' dir='ltr'><strong>et</strong></span> <span class='ocrx_word' id='word_1_313' title='bbox 1751 2582 1868 2615; x_wconf 82' lang='lat' dir='ltr'><strong>mox</strong></span> <span class='ocrx_word' id='word_1_314' title='bbox 1917 2579 2203 2631; x_wconf 77' lang='lat' dir='ltr'><strong>«metuere,</strong></span> <span class='ocrx_word' id='word_1_315' title='bbox 2225 2567 2360 2617; x_wconf 84' lang='lat' dir='ltr'><strong>adire</strong></span> <span class='ocrx_word' id='word_1_316' title='bbox 2385 2565 2516 2632; x_wconf 81' lang='lat' dir='ltr'><strong>peri-</strong></span> 
     </span>
     <span class='ocr_line' id='line_1_50' title="bbox 1495 2645 1878 2695; baseline 0.005 -2"><span class='ocrx_word' id='word_1_317' title='bbox 1495 2645 1660 2694; x_wconf 83' lang='lat' dir='ltr'><strong>eulum</strong></span> <span class='ocrx_word' id='word_1_318' title='bbox 1678 2667 1720 2693; x_wconf 72' lang='lat' dir='ltr'><strong>u.</strong></span> <span class='ocrx_word' id='word_1_319' title='bbox 1747 2647 1878 2695; x_wconf 71' lang='lat' dir='ltr'><strong>En.</strong></span> 
     </span>
    </p>

    <p class='ocr_par' dir='ltr' id='par_1_12' title="bbox 1493 2717 2518 3164">
     <span class='ocr_line' id='line_1_51' title="bbox 1573 2717 2518 2776; baseline 0.002 -4"><span class='ocrx_word' id='word_1_320' title='bbox 1573 2739 1594 2772; x_wconf 85' lang='lat'>1</span> <span class='ocrx_word' id='word_1_321' title='bbox 1605 2717 1654 2772; x_wconf 71' lang='grc'><strong>5.</strong></span> <span class='ocrx_word' id='word_1_322' title='bbox 1675 2722 1868 2771; x_wconf 76' lang='lat' dir='ltr'><strong>Nimius</strong></span> <span class='ocrx_word' id='word_1_323' title='bbox 1885 2721 2126 2773; x_wconf 74' lang='lat' dir='ltr'><strong>libidines.</strong></span> <span class='ocrx_word' id='word_1_324' title='bbox 2145 2727 2316 2776; x_wconf 80' lang='lat' dir='ltr'><strong>Monet</strong></span> <span class='ocrx_word' id='word_1_325' title='bbox 2325 2726 2518 2774; x_wconf 73' lang='lat' dir='ltr'><strong>wetze-</strong></span> 
     </span>
     <span class='ocr_line' id='line_1_52' title="bbox 1495 2802 2518 2863; baseline 0.002 -13"><span class='ocrx_word' id='word_1_326' title='bbox 1495 2802 1592 2851; x_wconf 85' lang='lat' dir='ltr'><strong>liua</strong></span> <span class='ocrx_word' id='word_1_327' title='bbox 1619 2802 1736 2850; x_wconf 73' lang='lat' dir='ltr'><strong>satia</strong></span> <span class='ocrx_word' id='word_1_328' title='bbox 1782 2803 1928 2850; x_wconf 81' lang='lat' dir='ltr'><strong>fniaae</strong></span> <span class='ocrx_word' id='word_1_329' title='bbox 1970 2803 2132 2852; x_wconf 84' lang='lat' dir='ltr'><strong>dicere</strong></span> <span class='ocrx_word' id='word_1_330' title='bbox 2173 2804 2400 2852; x_wconf 75' lang='lat' dir='ltr'><strong>libidines</strong></span> <span class='ocrx_word' id='word_1_331' title='bbox 2416 2837 2431 2863; x_wconf 88' lang='lat'>‚</span> <span class='ocrx_word' id='word_1_332' title='bbox 2463 2813 2518 2852; x_wconf 81' lang='lat' dir='ltr'><strong>et</strong></span> 
     </span>
     <span class='ocr_line' id='line_1_53' title="bbox 1493 2878 2518 2944; baseline 0.001 -17"><span class='ocrx_word' id='word_1_333' title='bbox 1493 2880 1720 2944; x_wconf 82' lang='lat' dir='ltr'><strong>equidem</strong></span> <span class='ocrx_word' id='word_1_334' title='bbox 1744 2878 1922 2927; x_wconf 77' lang='lat' dir='ltr'><strong>nimias</strong></span> <span class='ocrx_word' id='word_1_335' title='bbox 1950 2880 2168 2930; x_wconf 78' lang='lat' dir='ltr'><strong>additum</strong></span> <span class='ocrx_word' id='word_1_336' title='bbox 2193 2880 2482 2930; x_wconf 82' lang='lat' dir='ltr'><strong>crediderim</strong></span> <span class='ocrx_word' id='word_1_337' title='bbox 2501 2915 2518 2940; x_wconf 87' lang='lat'>‚</span> 
     </span>
     <span class='ocr_line' id='line_1_54' title="bbox 1497 2957 2515 3025; baseline 0.001 -19"><span class='ocrx_word' id='word_1_338' title='bbox 1497 2969 1556 3008; x_wconf 88' lang='lat' dir='ltr'><strong>ut</strong></span> <span class='ocrx_word' id='word_1_339' title='bbox 1595 2969 1646 3006; x_wconf 83' lang='lat' dir='ltr'><strong>et</strong></span> <span class='ocrx_word' id='word_1_340' title='bbox 1689 2957 1816 3006; x_wconf 72' lang='lat' dir='ltr'><strong>infra</strong></span> <span class='ocrx_word' id='word_1_341' title='bbox 1855 2957 2056 3006; x_wconf 66' lang='lat' dir='ltr'><strong>aientium</strong></span> <span class='ocrx_word' id='word_1_342' title='bbox 2088 2971 2206 3008; x_wconf 43' lang='lat' dir='ltr'><strong>&gt;ante</strong></span> <span class='ocrx_word' id='word_1_343' title='bbox 2241 2959 2477 3025; x_wconf 63' lang='lat' dir='ltr'><strong>progredi</strong></span> <span class='ocrx_word' id='word_1_344' title='bbox 2493 2979 2515 3017; x_wconf 86' lang='lat'><strong>,-</strong></span> 
     </span>
     <span class='ocr_line' id='line_1_55' title="bbox 1496 3036 2518 3097; baseline 0.002 -13"><span class='ocrx_word' id='word_1_345' title='bbox 1496 3046 1600 3084; x_wconf 85' lang='lat' dir='ltr'><strong>tum</strong></span> <span class='ocrx_word' id='word_1_346' title='bbox 1645 3045 1775 3083; x_wconf 79' lang='lat' dir='ltr'><strong>certe</strong></span> <span class='ocrx_word' id='word_1_347' title='bbox 1811 3036 2006 3097; x_wconf 75' lang='lat' dir='ltr'><strong>melius,</strong></span> <span class='ocrx_word' id='word_1_348' title='bbox 2050 3037 2138 3086; x_wconf 82' lang='lat' dir='ltr'><strong>aed</strong></span> <span class='ocrx_word' id='word_1_349' title='bbox 2187 3038 2324 3088; x_wconf 83' lang='lat' dir='ltr'><strong>abeat</strong></span> <span class='ocrx_word' id='word_1_350' title='bbox 2348 3056 2377 3089; x_wconf 85' lang='lat' dir='ltr'><strong>a</strong></span> <span class='ocrx_word' id='word_1_351' title='bbox 2401 3049 2518 3089; x_wconf 78' lang='lat' dir='ltr'><strong>vett.</strong></span> 
     </span>
     <span class='ocr_line' id='line_1_56' title="bbox 1501 3115 1618 3164; baseline 0.017 -2"><span class='ocrx_word' id='word_1_352' title='bbox 1501 3115 1618 3164; x_wconf 86' lang='lat' dir='ltr'><strong>edd.</strong></span> 
     </span>
    </p>

    <p class='ocr_par' dir='ltr' id='par_1_13' title="bbox 1502 3193 2536 4130">
     <span class='ocr_line' id='line_1_57' title="bbox 1579 3193 2518 3260; baseline 0.006 -18"><span class='ocrx_word' id='word_1_353' title='bbox 1579 3195 1659 3244; x_wconf 81' lang='lat'><strong>16.</strong></span> <span class='ocrx_word' id='word_1_354' title='bbox 1703 3194 1784 3254; x_wconf 73' lang='lat' dir='ltr'><strong>Si,</strong></span> <span class='ocrx_word' id='word_1_355' title='bbox 1837 3195 2009 3260; x_wconf 79' lang='lat' dir='ltr'><strong>quoad</strong></span> <span class='ocrx_word' id='word_1_356' title='bbox 2053 3193 2230 3260; x_wconf 76' lang='lat' dir='ltr'><strong>cuique</strong></span> <span class='ocrx_word' id='word_1_357' title='bbox 2269 3198 2390 3247; x_wconf 76' lang='lat' dir='ltr'><strong>satis</strong></span> <span class='ocrx_word' id='word_1_358' title='bbox 2441 3198 2518 3248; x_wconf 76' lang='lat' dir='ltr'><strong>sit.</strong></span> 
     </span>
     <span class='ocr_line' id='line_1_58' title="bbox 1502 3271 2518 3342; baseline 0.008 -22"><span class='ocrx_word' id='word_1_359' title='bbox 1502 3271 1693 3338; x_wconf 77' lang='lat' dir='ltr'><strong>Vulgo,</strong></span> <span class='ocrx_word' id='word_1_360' title='bbox 1716 3294 1739 3317; x_wconf 75' lang='grc' dir='ltr'>ι</span> <span class='ocrx_word' id='word_1_361' title='bbox 1761 3275 1802 3322; x_wconf 78' lang='lat' dir='ltr'><strong>si</strong></span> <span class='ocrx_word' id='word_1_362' title='bbox 1826 3274 2034 3338; x_wconf 82' lang='lat' dir='ltr'><strong>denique</strong></span> <span class='ocrx_word' id='word_1_363' title='bbox 2047 3275 2168 3339; x_wconf 83' lang='lat' dir='ltr'><strong>qnid</strong></span> <span class='ocrx_word' id='word_1_364' title='bbox 2181 3277 2358 3342; x_wconf 83' lang='lat' dir='ltr'><strong>cuique</strong></span> <span class='ocrx_word' id='word_1_365' title='bbox 2374 3279 2518 3336; x_wconf 77' lang='lat' dir='ltr'><strong>satis,</strong></span> 
     </span>
     <span class='ocr_line' id='line_1_59' title="bbox 1505 3353 2516 3421; baseline 0.006 -21"><span class='ocrx_word' id='word_1_366' title='bbox 1505 3361 1598 3406; x_wconf 82' lang='lat' dir='ltr'><strong>etc.</strong></span> <span class='ocrx_word' id='word_1_367' title='bbox 1618 3373 1644 3394; x_wconf 77' lang='grc' dir='ltr'><strong>ι·</strong></span> <span class='ocrx_word' id='word_1_368' title='bbox 1670 3353 1766 3403; x_wconf 83' lang='lat' dir='ltr'><strong>sed</strong></span> <span class='ocrx_word' id='word_1_369' title='bbox 1793 3368 1883 3402; x_wconf 82' lang='lat' dir='ltr'><strong>noa</strong></span> <span class='ocrx_word' id='word_1_370' title='bbox 1911 3363 2152 3402; x_wconf 70' lang='lat' dir='ltr'><strong>vetustum</strong></span> <span class='ocrx_word' id='word_1_371' title='bbox 2173 3355 2412 3421; x_wconf 83' lang='lat' dir='ltr'><strong>loquendi</strong></span> <span class='ocrx_word' id='word_1_372' title='bbox 2437 3373 2516 3421; x_wconf 80' lang='lat' dir='ltr'><strong>ge·</strong></span> 
     </span>
     <span class='ocr_line' id='line_1_60' title="bbox 1507 3431 2520 3498; baseline 0.001 -15"><span class='ocrx_word' id='word_1_373' title='bbox 1507 3447 1602 3483; x_wconf 73' lang='lat' dir='ltr'><strong>nna</strong></span> <span class='ocrx_word' id='word_1_374' title='bbox 1615 3431 1914 3498; x_wconf 71' lang='lat' dir='ltr'><strong>reposuimus</strong></span> <span class='ocrx_word' id='word_1_375' title='bbox 1927 3467 1941 3492; x_wconf 89' lang='lat'>,</span> <span class='ocrx_word' id='word_1_376' title='bbox 1957 3445 2200 3497; x_wconf 83' lang='lat' dir='ltr'><strong>repertum</strong></span> <span class='ocrx_word' id='word_1_377' title='bbox 2217 3437 2270 3484; x_wconf 86' lang='lat' dir='ltr'><strong>in</strong></span> <span class='ocrx_word' id='word_1_378' title='bbox 2291 3435 2392 3484; x_wconf 84' lang='lat' dir='ltr'><strong>Pal.</strong></span> <span class='ocrx_word' id='word_1_379' title='bbox 2409 3447 2520 3486; x_wconf 81' lang='lat' dir='ltr'><strong>tert.</strong></span> 
     </span>
     <span class='ocr_line' id='line_1_61' title="bbox 1507 3512 2525 3575; baseline 0.007 -18"><span class='ocrx_word' id='word_1_380' title='bbox 1507 3512 1712 3575; x_wconf 82' lang='lat' dir='ltr'><strong>quinto,</strong></span> <span class='ocrx_word' id='word_1_381' title='bbox 1738 3523 1877 3560; x_wconf 71' lang='lat' dir='ltr'><strong>sexto</strong></span> <span class='ocrx_word' id='word_1_382' title='bbox 1894 3545 1910 3568; x_wconf 78' lang='grc'>,</span> <span class='ocrx_word' id='word_1_383' title='bbox 1944 3512 2060 3560; x_wconf 86' lang='lat' dir='ltr'><strong>item</strong></span> <span class='ocrx_word' id='word_1_384' title='bbox 2095 3513 2235 3562; x_wconf 68' lang='lat' dir='ltr'><strong>Febr.</strong></span> <span class='ocrx_word' id='word_1_385' title='bbox 2281 3525 2330 3564; x_wconf 87' lang='lat' dir='ltr'><strong>et</strong></span> <span class='ocrx_word' id='word_1_386' title='bbox 2373 3513 2525 3566; x_wconf 86' lang='lat' dir='ltr'><strong>Colo·</strong></span> 
     </span>
     <span class='ocr_line' id='line_1_62' title="bbox 1509 3590 2525 3646; baseline 0.008 -8"><span class='ocrx_word' id='word_1_387' title='bbox 1509 3590 1684 3640; x_wconf 80' lang='lat' dir='ltr'><strong>nienai.</strong></span> <span class='ocrx_word' id='word_1_388' title='bbox 1711 3591 1912 3639; x_wconf 70' lang='lat' dir='ltr'><strong>Plautus</strong></span> <span class='ocrx_word' id='word_1_389' title='bbox 1941 3593 2288 3644; x_wconf 59' lang='lat' dir='ltr'><strong>Menaechmis:</strong></span> <span class='ocrx_word' id='word_1_390' title='bbox 2310 3599 2525 3646; x_wconf 73' lang='lat' dir='ltr'><strong>«Verum</strong></span> 
     </span>
     <span class='ocr_line' id='line_1_63' title="bbox 1511 3669 2526 3739; baseline 0.009 -22"><span class='ocrx_word' id='word_1_391' title='bbox 1511 3683 1586 3718; x_wconf 79' lang='lat' dir='ltr'><strong>eat</strong></span> <span class='ocrx_word' id='word_1_392' title='bbox 1607 3669 1782 3718; x_wconf 81' lang='lat' dir='ltr'><strong>modus</strong></span> <span class='ocrx_word' id='word_1_393' title='bbox 1803 3681 1989 3730; x_wconf 84' lang='lat' dir='ltr'><strong>tamen,</strong></span> <span class='ocrx_word' id='word_1_394' title='bbox 2017 3673 2186 3734; x_wconf 85' lang='lat' dir='ltr'><strong>quoad</strong></span> <span class='ocrx_word' id='word_1_395' title='bbox 2203 3676 2304 3739; x_wconf 87' lang='lat' dir='ltr'><strong>pati</strong></span> <span class='ocrx_word' id='word_1_396' title='bbox 2325 3691 2526 3726; x_wconf 81' lang='lat' dir='ltr'><strong>uxorem</strong></span> 
     </span>
     <span class='ocr_line' id='line_1_64' title="bbox 1513 3751 2530 3820; baseline 0.007 -22"><span class='ocrx_word' id='word_1_397' title='bbox 1513 3759 1712 3814; x_wconf 85' lang='lat' dir='ltr'><strong>oportet</strong></span> <span class='ocrx_word' id='word_1_398' title='bbox 1726 3771 1766 3798; x_wconf 70' lang='lat' dir='ltr'><strong>n.</strong></span> <span class='ocrx_word' id='word_1_399' title='bbox 1787 3751 1960 3800; x_wconf 59' lang='lat' dir='ltr'><strong>emur.</strong></span> <span class='ocrx_word' id='word_1_400' title='bbox 1980 3777 2044 3788; x_wconf 95' lang='lat'>—</span> <span class='ocrx_word' id='word_1_401' title='bbox 2071 3752 2259 3800; x_wconf 71' lang='lat' dir='ltr'><strong>Erneat.</strong></span> <span class='ocrx_word' id='word_1_402' title='bbox 2293 3775 2318 3794; x_wconf 70' lang='lat' dir='ltr'><strong>a</strong></span> <span class='ocrx_word' id='word_1_403' title='bbox 2334 3756 2376 3802; x_wconf 77' lang='lat' dir='ltr'><strong>ai</strong></span> <span class='ocrx_word' id='word_1_404' title='bbox 2393 3755 2530 3820; x_wconf 84' lang='lat' dir='ltr'><strong>quod</strong></span> 
     </span>
     <span class='ocr_line' id='line_1_65' title="bbox 1514 3828 2533 3898; baseline 0.004 -20"><span class='ocrx_word' id='word_1_405' title='bbox 1514 3828 1690 3892; x_wconf 83' lang='lat' dir='ltr'><strong>cuique</strong></span> <span class='ocrx_word' id='word_1_406' title='bbox 1711 3845 1750 3876; x_wconf 83' lang='lat' dir='ltr'><strong>a.</strong></span> <span class='ocrx_word' id='word_1_407' title='bbox 1778 3843 1818 3877; x_wconf 74' lang='lat' dir='ltr'><strong>a.</strong></span> <span class='ocrx_word' id='word_1_408' title='bbox 1843 3849 1864 3870; x_wconf 74' lang='grc' dir='ltr'>ι</span> <span class='ocrx_word' id='word_1_409' title='bbox 1893 3829 2002 3886; x_wconf 85' lang='lat' dir='ltr'><strong>Sic,</strong></span> <span class='ocrx_word' id='word_1_410' title='bbox 2037 3830 2227 3893; x_wconf 81' lang='lat' dir='ltr'><strong>inquit,</strong></span> <span class='ocrx_word' id='word_1_411' title='bbox 2255 3833 2379 3879; x_wconf 84' lang='lat' dir='ltr'><strong>MSS</strong></span> <span class='ocrx_word' id='word_1_412' title='bbox 2399 3835 2533 3898; x_wconf 85' lang='lat' dir='ltr'><strong>apud</strong></span> 
     </span>
     <span class='ocr_line' id='line_1_66' title="bbox 1515 3907 2530 3972; baseline 0.004 -16"><span class='ocrx_word' id='word_1_413' title='bbox 1515 3907 1745 3972; x_wconf 75' lang='lat' dir='ltr'><strong>Oudend.</strong></span> <span class='ocrx_word' id='word_1_414' title='bbox 1776 3918 1825 3955; x_wconf 85' lang='lat' dir='ltr'><strong>et</strong></span> <span class='ocrx_word' id='word_1_415' title='bbox 1850 3907 1964 3956; x_wconf 85' lang='lat' dir='ltr'><strong>edd.</strong></span> <span class='ocrx_word' id='word_1_416' title='bbox 1993 3909 2156 3969; x_wconf 78' lang='lat'><strong>1474,</strong></span> <span class='ocrx_word' id='word_1_417' title='bbox 2201 3912 2360 3971; x_wconf 67' lang='lat'>1475,</span> <span class='ocrx_word' id='word_1_418' title='bbox 2389 3913 2530 3964; x_wconf 76' lang='lat' dir='ltr'><strong>Med.</strong></span> 
     </span>
     <span class='ocr_line' id='line_1_67' title="bbox 1516 3985 2536 4052; baseline 0.003 -14"><span class='ocrx_word' id='word_1_419' title='bbox 1516 3992 1656 4038; x_wconf 84' lang='lat' dir='ltr'><strong>Junt.</strong></span> <span class='ocrx_word' id='word_1_420' title='bbox 1686 3997 1779 4034; x_wconf 87' lang='lat' dir='ltr'><strong>etc.</strong></span> <span class='ocrx_word' id='word_1_421' title='bbox 1811 3985 1986 4034; x_wconf 78' lang='lat' dir='ltr'><strong>modus</strong></span> <span class='ocrx_word' id='word_1_422' title='bbox 2020 3987 2090 4035; x_wconf 89' lang='lat' dir='ltr'><strong>rei</strong></span> <span class='ocrx_word' id='word_1_423' title='bbox 2123 3999 2172 4036; x_wconf 91' lang='lat' dir='ltr'><strong>et</strong></span> <span class='ocrx_word' id='word_1_424' title='bbox 2217 3989 2378 4052; x_wconf 81' lang='lat' dir='ltr'><strong>quoad</strong></span> <span class='ocrx_word' id='word_1_425' title='bbox 2419 4007 2536 4040; x_wconf 78' lang='lat' dir='ltr'><strong>mox</strong></span> 
     </span>
     <span class='ocr_line' id='line_1_68' title="bbox 1521 4066 2535 4130; baseline -0.001 -15"><span class='ocrx_word' id='word_1_426' title='bbox 1521 4066 1766 4114; x_wconf 81' lang='lat' dir='ltr'><strong>definitur.</strong></span> <span class='ocrx_word' id='word_1_427' title='bbox 1805 4093 1872 4101; x_wconf 88' lang='lat'><strong>-—</strong></span> <span class='ocrx_word' id='word_1_428' title='bbox 1915 4066 2064 4128; x_wconf 82' lang='lat' dir='ltr'><strong>Quod</strong></span> <span class='ocrx_word' id='word_1_429' title='bbox 2091 4083 2184 4130; x_wconf 82' lang='lat' dir='ltr'><strong>pro</strong></span> <span class='ocrx_word' id='word_1_430' title='bbox 2215 4067 2387 4130; x_wconf 76' lang='lat' dir='ltr'><strong>quoad</strong></span> <span class='ocrx_word' id='word_1_431' title='bbox 2417 4069 2535 4122; x_wconf 74' lang='lat' dir='ltr'><strong>edd.</strong></span> 
     </span>
    </p>

    <p class='ocr_par' dir='ltr' id='par_1_14' title="bbox 1529 4142 2052 4209">
     <span class='ocr_line' id='line_1_69' title="bbox 1529 4142 2052 4209; baseline 0.004 -17"><span class='ocrx_word' id='word_1_432' title='bbox 1529 4145 1658 4209; x_wconf 70' lang='lat'><strong>1476</strong></span> <span class='ocrx_word' id='word_1_433' title='bbox 1681 4179 1696 4204; x_wconf 87' lang='lat'><strong>‚</strong></span> <span class='ocrx_word' id='word_1_434' title='bbox 1731 4143 1866 4194; x_wconf 78' lang='lat' dir='ltr'><strong>Med.</strong></span> <span class='ocrx_word' id='word_1_435' title='bbox 1903 4142 2052 4208; x_wconf 74' lang='lat'><strong>1498.</strong></span> 
     </span>
    </p>
   </div>
   <div class='ocr_carea' id='block_1_10' title="bbox 2946 1928 2963 3831">
    <p class='ocr_par' dir='ltr' id='par_1_15' title="bbox 2946 1928 2963 3831">
     <span class='ocr_line' id='line_1_70' title="bbox 2946 1928 2963 3831; baseline 0 0"><span class='ocrx_word' id='word_1_436' title='bbox 2946 1928 2963 3831; x_wconf 95' lang='lat' dir='ltr'><strong> </strong></span> 
     </span>
    </p>
   </div>
  </div>
 </body>
</html>
