2982 4682
428 323 567 416 348
1106 331 1202 400 Μ.
1256 333 1333 400 Τ
1388 333 1882 404 clcssnoms

429 452 775 522 nistratur
806 502 825 537 ,
892 473 1109 547 quam
1168 455 1403 524 omnis
1462 453 1816 540 mundus3
1881 455 2182 528 consilio
2213 453 2272 500 ¹⁵
2333 458 2554 556 igi-tur

429 560 749 635 mundus
780 558 1315 634 administratur
1338 595 1393 634 n.
1447 566 2123 662 Quinquepartitam
2153 568 2374 663 igitur
2411 568 2556 640 hoc

428 686 643 772 pacto
683 685 945 769 putant
980 697 1133 744 esse
1174 677 1895 772 argumentationem.

522 785 804 854 XXXV.
856 784 1001 873 Qui
1039 799 1277 854 autem
1312 787 1742 882 tripartitam
1789 807 1941 858 esse
1983 786 2273 872 dicunt,
2317 789 2368 855 ii
2403 811 2550 859 non

430 889 639 965 aliter
672 905 933 988 putant
968 896 1255 966 tractari
1290 911 1628 993 oportere
1657 899 2349 994 argumentationem
2370 950 2390 977 ,
2429 895 2556 968 sed

334 1029 342 1038 ,
434 1001 897 1100 partitionem
916 1001 1177 1074 horum
1196 1002 1764 1102 reprehendunt.
1789 1007 2072 1103 Negant
2092 1008 2286 1077 enim
2313 1027 2555 1100 neque

437 1135 477 1182 a
507 1112 1001 1208 propositione
1020 1167 1041 1200 ‚
1080 1137 1320 1210 neque
1350 1113 1446 1185 ab
1478 1119 1970 1212 assumptione
1998 1111 2560 1211 approbationes

435 1243 681 1292 earum
726 1223 1036 1318 separari
1074 1239 1449 1321 oportere,
1476 1249 1714 1321 neque
1742 1225 2313 1322 propositionem
2352 1222 2560 1294 abso-

430 1329 681 1418 lutam,
706 1354 941 1425 neque
960 1337 1524 1430 assumptionem
1545 1335 1680 1406 sibi
1699 1332 2088 1431 perfectam
2111 1333 2374 1419 videri,
2399 1355 2560 1428 quae

434 1438 955 1537 approbatione
986 1439 1403 1514 confirmata
1430 1469 1582 1516 non
1615 1447 1726 1516 sit.
1759 1445 1999 1532 Quare
2029 1467 2209 1540 quas
2247 1440 2348 1512 illi
2383 1440 2564 1512 duas

436 1561 686 1647 partes‘
708 1567 1091 1624 numerent
1120 1565 1171 1642 ¹,
1205 1557 1774 1652 propositionem
1807 1569 1879 1627 et
1921 1553 2560 1654 approbationem,

435 1657 573 1730 sibi
600 1683 819 1730 unam
856 1677 1126 1758 partem
1170 1661 1441 1752 videri,
1470 1666 2044 1762 propositionem
2075 1692 2092 1735 ε
2132 1689 2292 1760 quae
2337 1665 2398 1734 si
2431 1687 2564 1761 ap·

441 1766 743 1865 probata
780 1795 929 1842 non
970 1774 1095 1860 sit,
1144 1775 1544 1872 propositio
1583 1799 1734 1846 non
1773 1777 1866 1844 sit
1896 1774 2562 1870 argumentationis.

442 1881 621 1953 Item
642 1931 662 1966 ,
693 1903 853 1976 quae
889 1879 980 1952 ab
1016 1881 1149 1953 inis
1181 1887 1577 1981 assumptio
1601 1939 1620 1972 ‚
1651 1899 1721 1956 et
1763 1885 2270 1982 assumptionis
2307 1905 2566 1980 appro-

444 1984 642 2059 batio
676 1987 1022 2077 dicatur2,
1051 1992 1375 2065 eamdem
1416 1994 1553 2066 sibi
1597 1996 2158 2091 assumptionem
2199 1993 2422 2064 solam
2459 1994 2566 2063 vi-

450 2095 622 2168 deri.
665 2103 771 2169 Ita
805 2098 918 2189 fit,
959 2116 1041 2171 ut
1073 2102 1323 2174 eadem
1366 2107 1645 2175 ratione
1673 2105 2200 2204 argumentatio
2231 2115 2526 2174 tractata
2549 2155 2568 2188 ,

446 2206 601 2279 aliis
652 2211 1029 2308 tripartita,
1090 2214 1243 2286 aliis
1290 2217 1886 2312 quinquepartita
1933 2214 2277 2286 videatur.
2330 2217 2572 2304 Quare

450 2320 725 2407 evenit,
766 2335 850 2392 ut
890 2345 1005 2395 res
1050 2348 1199 2394 non
1254 2338 1397 2395 tam
1439 2324 1532 2397 ad
1581 2350 1792 2397 usum
1843 2323 2126 2397 dicendi
2173 2325 2568 2424 pertineat,

453 2452 671 2524 qnam
703 2430 791 2503 ad
833 2435 1187 2505 rationem
1224 2437 1750 2533 praeceptionis.

554 2538 821 2636 (xxxv.)
836 2541 1068 2615 Nobis
1082 2559 1321 2616 autem
1350 2546 1802 2617 commodior
1827 2546 1946 2617 illa
1971 2546 2264 2643 partitio
2282 2543 2574 2615 videtur
2665 2603 2672 2614 .

453 2680 627 2742 esse,
652 2678 814 2752 quae
833 2656 909 2724 in
930 2654 1255 2752 quinque
1274 2668 1511 2753 partes
1529 2654 1906 2727 distributa
1928 2671 2059 2744 est,
2082 2676 2297 2753 quam
2321 2678 2575 2725 omnes

452 2764 543 2839 ab
574 2762 949 2837 Aristotele
984 2780 1055 2835 et
1086 2764 1580 2863 Theophrasto
1610 2766 1911 2865 profecti
1945 2767 2249 2837 maxime
2285 2762 2574 2861 sequuti

451 2891 643 2949 sunt.
678 2879 860 2947 Nam
889 2875 1505 2971 quemadmodum
1533 2877 1711 2948 illud
1740 2881 2075 2975 superius
2104 2900 2333 2971 genus
2369 2897 2578 2971 argu-

454 2984 861 3071 mentandi,
911 2986 1109 3081 quod
1158 3012 1289 3085 per
1327 2987 1818 3060 inductionem
1875 2988 2216 3071 sumitur,
2264 2988 2578 3057 maxime

527 3190 607 3237 15.
636 3184 848 3237 Consilio
869 3186 1036 3251 ἰσίαν.
1058 3188 1219 3255 Igitur
1242 3188 1297 3238 h.
1324 3189 1363 3239 l.
1392 3188 1469 3237 vel
1561 3190 1886 3239 Inditxativnm
1928 3199 2088 3238 tamen
2133 3189 2248 3237 ferri
2293 3196 2456 3253 potest
2473 3222 2488 3245 ,
2533 3188 2578 3234 si

449 3286 476 3317 e
510 3267 749 3331 superiori
788 3278 966 3315 temere
1004 3270 1290 3331 impetitum,
1327 3268 1407 3316 vel
1440 3285 1468 3317 e
1557 3270 1765 3335 accipias
1807 3280 1960 3317 totam
2003 3268 2138 3317 illam
2189 3268 2350 3317 thesin
2391 3282 2479 3331 per
2523 3282 2576 3315 se

440 3346 757 3413 sequentibus
778 3346 875 3394 huc
899 3358 1107 3395 tractum
1133 3358 1222 3396 est.
1263 3347 1465 3397 Rectiu-

448 3428 667 3479 sbsnerat
684 3427 781 3475 hoe
797 3427 939 3487 loco;
960 3440 1071 3473 nam
1094 3427 1145 3473 in
1170 3426 1263 3475 hac
1286 3428 1461 3485 forms,

450 3530 478 3553 ιι
495 3505 633 3572 qnod
658 3506 699 3553 si
718 3540 733 3565 ,
761 3516 853 3554 etc.
873 3526 900 3546 ι·
924 3516 975 3553 et
998 3520 1109 3556 cum
1130 3521 1217 3565 eo,
1252 3521 1355 3569 qno
1380 3504 1463 3553 hie.

442 3586 597 3638 modo
610 3596 889 3650 usurpatur,
914 3600 1017 3633 non
1042 3586 1263 3647 sequitur
1284 3583 1452 3651 igitur.

446 3672 577 3719 Bur.
597 3694 669 3705 —
686 3669 754 3715 At
771 3663 965 3722 Schiits.
984 3664 1135 3729 igitur
1155 3666 1464 3715 retinendum

448 3764 551 3799 esse
576 3750 671 3808 ait,
696 3747 811 3811 quis
836 3744 1075 3809 reperitur
1099 3746 1231 3810 apud
1250 3746 1463 3809 Quintii-

446 3828 609 3877 locnm
633 3827 884 3877 Ciceronis
910 3827 1208 3877 referentem.

524 3908 742 3955 XXXV.
766 3922 811 3954 ι.
836 3906 1124 3967 Numen-nt,
1151 3906 1223 3953 sic
1244 3906 1469 3969 rescripsi

454 4000 545 4048 pto
570 3996 832 4033 numerant
860 4001 889 4033 e
922 3985 1079 4035 forms
1104 3984 1389 4035 latinitatis:
1418 3994 1467 4032 et

442 4064 511 4109 sie
538 4062 721 4112 habent
750 4064 873 4115 Mss
904 4065 1037 4113 Cass.
1058 4067 1153 4115 Gu.
1180 4082 1223 4113 1.
1246 4066 1381 4113 Eun.
1402 4092 1468 4101 —

1547 3350 1650 3411 jam
1671 3358 1968 3397 constantem
1984 3382 1999 3407 ,
2020 3364 2177 3411 neque
2193 3347 2256 3395 ab
2273 3345 2576 3395 adversario-

1549 3444 1658 3477 rum
1709 3428 1834 3475 thesi
1885 3427 2122 3476 contr-sris
2177 3424 2534 3490 dependentem
2561 3458 2576 3479 ,

1551 3510 1786 3557 sententis
1809 3507 1876 3554 its
1901 3506 2230 3571 procedente:
2255 3526 2278 3547 a
2302 3504 2478 3551 dicunt
2493 3502 2572 3549 vi-

1553 3588 1656 3637 deri
1673 3586 1766 3635 sibi
1786 3600 1928 3635 unam
1951 3596 2135 3648 partem
2157 3583 2580 3648 propositionem,

1553 3682 1674 3731 ques
1699 3666 1771 3713 illi
1799 3673 2051 3712 numerant
2087 3662 2208 3714 dnus
2241 3672 2422 3727 partes,
2463 3674 2585 3724 pro-

1554 3746 1846 3811 positionem
1863 3755 1913 3792 et
1937 3744 2081 3803 hujus
2099 3741 2508 3807 approbationem
2524 3759 2574 3787 ι.

1553 3828 1742 3875 Πιπ.

1626 3920 1676 3954 a.
1697 3903 1905 3951 Dicatur
1923 3916 2018 3965 pro
2042 3900 2245 3965 vulgato
2265 3897 2449 3947 dicitnr
2465 3912 2588 3944 eem-

1559 3984 1666 4031 dem
1691 3980 1758 4030 ob
1777 3997 1968 4029 censam
1989 3979 2132 4036 dedi,
2167 3979 2314 4041 idque
2343 3986 2391 4025 et
2421 3975 2590 4039 plnres

1559 4062 1682 4111 MSS
1703 4061 1900 4109 habent.
1923 4062 2052 4108 Ean.
