2982 4682
456 319 597 393 350
856 339 865 350 ·
1126 323 1223 392 Μ.
1276 321 1353 390 Τ.
1408 307 1888 392 CICERONIS

450 439 951 515 ostendemus:
982 453 1305 540 separata
1335 455 1443 514 est
1472 441 1692 538 igitur
1725 465 1768 512 a
1800 441 2296 538 propositione
2323 465 2580 542 appro-

452 553 671 624 batio.
730 549 1173 626 Ostendetur
1222 563 1463 624 autem
1505 550 1582 624 id
1601 548 1658 638 ³,
1697 549 1898 649 quod
1945 549 2248 649 polliciti
2299 577 2582 640 sumuS,

454 660 597 734 hoc
636 659 877 732 modo,

550 773 727 860 Quae
748 769 1151 869 propositio
1176 771 1250 840 in
1280 793 1359 841 se
1384 769 1732 868 quiddam
1751 773 2070 846 continet
2095 773 2581 869 perspicuum,

456 895 531 952 et
552 879 753 979 quod
778 883 1157 952 constare‘*
1187 882 1379 954 inter
1410 903 1664 951 omnes
1691 903 1982 952 necesse
2013 895 2122 952 est
2143 934 2164 967 ,
2197 879 2384 952 hanc
2403 881 2584 952 velle

456 989 864 1090 approbare
894 1005 965 1060 et
989 989 1285 1087 firmare
1318 989 1504 1062 nihil
1535 992 1812 1062 attinet.
1845 995 1946 1062 Ea
1977 1004 2085 1062 est
2119 987 2578 1084 hujusmodi:

456 1131 490 1166 α
506 1102 605 1189 Si,
633 1124 784 1198 quo
805 1098 925 1171 die
947 1101 1081 1169 ista
1108 1097 1333 1170 caedes
1354 1105 1600 1171 Romae
1627 1098 1810 1172 facta
1835 1114 1975 1188 est,
2011 1124 2148 1197 ego
2172 1099 2468 1172 Athenis
2493 1125 2584 1172 eo

456 1209 573 1282 die
604 1209 745 1300 fui,
794 1212 1141 1282 interesse
1181 1209 1257 1280 in
1292 1210 1485 1282 caede
1523 1235 1676 1282 non
1711 1211 1920 1309 potui
1956 1215 2188 1282 ».Hoc
2225 1211 2392 1306 quia
2429 1234 2584 1308 per·

458 1323 707 1419 spicue
749 1343 1002 1392 verum
1038 1332 1184 1408 est,
1224 1317 1409 1392 nihil
1452 1324 1710 1392 attinet
1753 1318 2159 1418 approbari.
2205 1321 2450 1410 Quare
2481 1344 2587 1390 as-

458 1431 647 1503 sumi
687 1430 923 1501 statim
959 1443 1285 1526 oportet,
1328 1429 1471 1502 hoc
1503 1431 1766 1503 modo:
1793 1459 1826 1495 α
1847 1433 1976 1501 Fui
2013 1445 2254 1502 autem
2291 1429 2584 1502 Athenis

336 1599 355 1608 -
460 1565 549 1612 eo
570 1539 684 1611 die
694 1570 749 1609 n.
770 1545 925 1610 Hoc
944 1541 1003 1610 si
1031 1565 1185 1610 non
1208 1555 1522 1626 constat,
1551 1539 1826 1639 indiget
1849 1540 2421 1638 approbationis:
2443 1563 2588 1636 qua

458 1649 791 1735 inducta,
822 1650 1235 1746 complexio
1268 1665 1758 1748 consequetur
1773 1642 1828 1722 ⁵.
1856 1654 1978 1722 Est
2003 1653 2222 1746 igitur
2257 1649 2586 1746 quaedam

458 1761 859 1859 propositio
879 1814 898 1849 ‚
928 1785 1089 1857 quae
1126 1785 1279 1832 non
1314 1761 1591 1859 indiget
1633 1760 2182 1860 approbatione.
2220 1762 2398 1832 Nam
2437 1781 2588 1830 esse

460 1868 845 1966 quamdam
872 1923 891 1956 ,
908 1893 1069 1968 quae
1098 1871 1441 1968 indigeat,
1468 1872 1650 1969 quid
1669 1873 1924 1944 attinet
1941 1871 2360 1958 ostendere,
2385 1868 2588 1967 quod

462 1982 687 2052 cuivis
716 1978 921 2051 facile
950 1985 1409 2078 perspicuum
1440 1984 1598 2054 est?
1643 1980 1860 2071 Quod
1895 1983 1952 2053 si
1983 1983 2078 2054 ita
2117 1994 2258 2064 est,
2293 2005 2382 2052 ex
2413 1977 2588 2062 hoc,

466 2103 541 2164 et
569 2115 655 2160 ex
687 2114 811 2176 eo,
848 2089 1049 2187 quod
1085 2115 1733 2190 proposueramuS,
1777 2092 1917 2163 hoc
1953 2089 2360 2172 conficitur,
2393 2113 2591 2186 sepa-

465 2215 701 2273 ratum
752 2225 907 2272 esse
952 2201 1299 2298 quiddam
1340 2225 1382 2272 a
1430 2202 1926 2301 propositione
1970 2199 2588 2298 approbationem.

462 2313 537 2386 si
567 2325 809 2383 autem
858 2312 956 2382 ita
993 2325 1101 2382 est
1120 2366 1139 2401 ‚
1174 2308 1433 2383 falsum
1469 2326 1574 2383 est
1617 2337 1767 2385 non
1807 2335 1962 2385 esse
2005 2311 2169 2410 plus
2209 2333 2428 2408 quam
2467 2311 2594 2381 tri-

462 2423 795 2520 partitam
831 2423 1554 2521 argumentationem.

559 2531 785 2635 Simili
810 2530 1030 2601 modo
1050 2526 1281 2628 liquet
1299 2585 1319 2618 ,
1355 2530 1652 2603 alteram
1674 2555 1968 2628 quoque
1993 2528 2592 2629 approbationem

463 2655 863 2740 separatam
914 2664 1066 2711 esse
1108 2638 1203 2711 ab
1243 2642 1759 2739 assumptione.
1804 2642 1879 2709 si
1915 2639 2228 2737 quadam
2275 2640 2350 2707 in
2386 2661 2592 2734 argu·

461 2753 905 2823 mentatione
922 2746 955 2795 ⁶
982 2753 1149 2822 satis
1176 2764 1285 2822 est
1308 2754 1415 2821 uti
1452 2750 1944 2850 assumptione
1961 2805 1980 2837 ‚
2006 2764 2079 2821 et
2115 2773 2263 2819 non
2303 2762 2594 2847 oportet

462 2956 541 2987 me
562 2936 818 3003 epistolem
844 2934 907 2986 ad
932 2948 981 2986 te
1004 2938 1113 2986 sino
1134 2937 1317 3003 absque
1343 2955 1485 3003 argu·

463 3028 629 3067 mento
670 3033 726 3065 ae
764 3018 999 3066 sententia
1034 3019 1287 3081 pervenire
1311 3041 1352 3067 -.
1388 3018 1484 3067 Sed

459 3096 638 3161 quovis
662 3098 866 3161 pignore
893 3096 1184 3145 contendere
1218 3096 1387 3157 velim,
1430 3098 1485 3145 in

463 3175 639 3225 menda
676 3191 788 3223 eum
822 3174 990 3223 locum
1024 3191 1114 3239 per
1140 3176 1339 3224 verbnm
1374 3176 1483 3225 sino

466 3254 662 3303 cubare.
696 3254 792 3301 Pro
826 3252 933 3301 sine
968 3252 1093 3301 male
1132 3256 1276 3303 etiam
1307 3256 1487 3318 absque

466 3332 743 3399 suppletum
769 3332 861 3381 fuit
889 3334 941 3380 in
974 3331 1120 3381 inser.
1151 3332 1329 3383 Clodio
1364 3334 1485 3399 imp.

469 3412 687 3461 dedicata
725 3410 861 3477 apud
900 3410 1111 3460 Fabi-eti.
1144 3429 1196 3477 μ
1231 3428 1358 3473 720,
1389 3413 1485 3476 728

468 3496 623 3541 Inser.
644 3494 778 3540 Oun.

544 3572 591 3619 3.
620 3570 911 3620 Ostendetur·
926 3582 1090 3619 autem
1116 3568 1182 3619 id.
1205 3570 1287 3619 Sic
1310 3586 1487 3635 magno

470 3666 710 3699 consensu
750 3648 866 3697 libri
908 3650 1077 3713 scripti
1120 3658 1169 3697 et
1213 3649 1329 3699 edd.
1372 3661 1487 3699 vett.

472 3731 659 3777 Primus
679 3728 835 3777 Aldus
853 3728 1047 3775 induxit
1072 3728 1397 3791 ostendemus,
1434 3740 1490 3777 ut

470 3809 671 3873 opinor,
700 3808 811 3872 quia
838 3807 965 3855 infra
990 3806 1061 3853 sio
1086 3817 1175 3855 est.

544 3896 592 3943 4.
634 3888 702 3933 Ee
738 3884 875 3951 qnod
908 3898 1150 3933 constare.
1189 3883 1268 3935 Sic
1310 3885 1496 3936 habent

473 3964 586 4014 edd.
610 3976 727 4013 vett.
744 3976 791 4013 et
814 3966 940 4013 MSS
964 3982 1054 4030 pro
1078 3964 1209 4030 vulg.
1232 3987 1257 4007 οι
1278 3981 1337 4013 eo
1356 3963 1495 4029 quod

477 4054 759 4100 constan-a,
806 4056 849 4090 et
904 4042 1081 4108 recepi.
1124 4044 1282 4093 Credo
1334 4054 1491 4093 tamen

1573 2956 1682 2989 eum
1710 2942 1842 2992 ond.
1861 2940 2003 2989 etiam
2029 2938 2170 3005 quod
2191 2936 2452 2987 delendum
2473 2951 2594 2985 esee.

1572 3020 1698 3071 Nm
1741 3033 1856 3087 post
1901 3021 1954 3067 in
1996 3019 2242 3067 contrario
2285 3026 2360 3065 eet
2391 3030 2404 3064 ε
2447 3036 2472 3056 -
2493 3029 2596 3061 non

1572 3098 1702 3149 enim
1729 3101 1984 3166 perspicua
2014 3109 2084 3147 eet
2103 3119 2125 3140 ι
2142 3132 2157 3155 ,
2191 3112 2258 3145 se.
2281 3093 2558 3159 propositio
2577 3126 2594 3151 ,

1574 3200 1602 3223 ιι
1620 3195 1776 3243 neque
1798 3188 1992 3227 eouetat
2017 3178 2145 3225 inter
2172 3189 2342 3223 omnes
2363 3194 2402 3220 a.
2431 3174 2560 3219 Ean.

1647 3259 1700 3308 5.
1744 3256 2027 3321 complexio
2058 3264 2392 3319 consequetur.
2415 3250 2512 3297 Hie
2545 3250 2596 3297 in

1577 3336 1787 3400 vulgatis
1831 3335 2083 3399 sequitur:
2128 3356 2150 3377 ι
2175 3334 2328 3397 Igitur
2369 3330 2422 3377 in
2465 3328 2598 3377 caede

1578 3414 1808 3463 interesse
1855 3428 1958 3461 non
2001 3410 2140 3477 potui
2167 3433 2207 3459 a.
2257 3408 2352 3457 Sed
2393 3406 2528 3455 abest
2567 3424 2594 3453 a

1579 3494 1703 3543 Mss
1732 3494 1866 3542 cm.
1896 3492 1990 3539 Gn.
2021 3500 2228 3554 utroque
2257 3497 2306 3535 et
2337 3486 2426 3533 Ms
2450 3486 2596 3535 Voss.

1575 3570 1709 3637 apud
1728 3572 1862 3623 Oud-
1885 3572 2000 3619 item
2020 3568 2129 3619 edd.
2144 3585 2220 3634 pr.
2235 3564 2448 3616 Addidit
2468 3564 2590 3613 Ald.

1576 3654 1663 3701 Est
1704 3652 1807 3699 eine
1847 3650 1999 3697 dubio
2039 3648 2256 3715 spurium
2273 3682 2289 3707 ,
2332 3652 2384 3692 ut
2419 3644 2546 3691 infre
2575 3657 2590 3691 :

1579 3729 1770 3793 -igitur
1832 3728 1946 3775 dare
2007 3741 2204 3789 operam
2267 3720 2600 3789 philosophie

1580 3809 1809 3856 convenit
1827 3822 1880 3865 ις
1930 3805 2064 3871 quod
2117 3804 2301 3869 pariter
2351 3800 2485 3849 abest
2540 3798 2601 3846 ab

1579 3888 1754 3937 iisdem
1767 3870 1928 3935 tibris.
1957 3885 2112 3950 Igitur
2138 3893 2396 3945 uti-umque
2421 3878 2596 3929 delevi.

1581 3969 1804 4015 Eun-r.

1653 4045 1701 4093 6.
1729 4044 1780 4091 Se·
1815 4042 2028 4109 quadam
2072 4042 2120 4089 ιἰι
2169 4036 2600 4107 argumentatione.
