2982 4682
768 375 893 445 DE
941 372 1449 443 INVENTION
1454 375 1538 456 E,
1585 373 1854 441 LIBER
1901 360 1965 455 Ϊ,
2023 395 2131 440 10.
2383 396 2519 467 297

398 495 701 569 tutionis
730 508 861 567 est.
896 497 988 565 At
1024 492 1113 581 si,
1152 516 1313 589 quae
1348 492 1774 563 intentionis
1815 490 2150 588 depulsio
2192 512 2345 563 non
2382 508 2526 577 est,

400 631 483 679 ea
504 630 639 677 nec
668 605 1086 677 constitutio
1102 656 1121 688 ‚
1148 627 1285 673 nec
1313 622 1477 699 pars
1504 603 2040 674 constitutionis
2055 618 2197 690 est3
2227 602 2525 674 demon·

402 718 649 787 stratio
710 729 783 786 et
836 712 1293 797 deliberatio,
1354 736 1594 809 neque
1657 714 2116 799 constitutio,
2183 736 2318 783 nec
2359 736 2526 810 pars

403 824 935 899 constitutionis
984 839 1113 895 est.
1180 824 1253 893 Si
1316 824 1534 919 igitur
1581 821 2074 925 constitutio⁵‚
2114 836 2188 893 et
2227 824 2412 920 ipsa,
2455 838 2532 894 et

402 962 569 1037 pars
605 938 799 1033 ejus,
840 936 1263 1005 intentionis
1298 932 1626 1031 depulsio
1661 948 1807 1022 est3
1845 932 2264 1005 deliberatio
2303 947 2376 1003 et
2412 932 2532 1003 de-

404 1048 869 1132 monstrati0,
908 1070 1149 1141 neque
1192 1047 1653 1131 constitutio,
1697 1068 1936 1141 neque
1977 1068 2143 1141 pars
2182 1043 2530 1115 constitu-

406 1159 621 1229 tionis
664 1138 793 1227 est.
843 1156 1079 1227 Placet
1112 1170 1354 1227 autem
1388 1156 1570 1253 ipsi,
1615 1149 2251 1225 constitutionem⁶
2295 1155 2533 1224 inten-

406 1271 623 1341 tionis
682 1290 837 1339 esse
876 1265 1399 1363 depulsionem.
1447 1265 1730 1336 Placeat
1771 1265 1989 1362 igitur
2030 1278 2361 1361 oportet,
2409 1262 2532 1333 de-

410 1378 1007 1449 monstrationem
1054 1391 1126 1447 et
1164 1374 1759 1453 deliberationem
1801 1398 1952 1444 non
2001 1398 2152 1446 esse
2189 1374 2541 1445 constitu-

412 1489 681 1558 tionem
701 1497 754 1573 7,
783 1510 919 1557 nec
946 1500 1221 1582 partem
1252 1486 1807 1555 constitutionis.
1845 1488 2082 1581 Atque
2110 1484 2252 1555 hoe
2279 1482 2534 1556 eodem

410 1590 859 1694 urgebitur⁸‚
886 1595 1032 1665 sive
1061 1596 1654 1666 constitutionem
1674 1650 1695 1684 ‚
1738 1595 2040 1692 primam
2081 1619 2308 1666 causae
2339 1618 2542 1665 accu-

414 1706 666 1779 satoris
714 1701 1335 1776 confirmationem
1384 1702 1685 1792 dixerit,
1747 1706 1892 1775 sive
1941 1703 2340 1776 defensoris
2389 1704 2542 1802 pri-

412 1840 603 1887 mam
644 1813 1248 1912 deprecationem.
1290 1819 1471 1889 Nam
1504 1839 1668 1889 eum
1709 1814 1958 1888 eadem
1991 1819 2239 1913 omnia
2269 1820 2542 1886 incom-

412 1924 629 1999 moda
664 1940 1083 2023 sequentur.
2599 1916 2605 1923 ’

508 2036 790 2109 Deinde
850 2036 1351 2131 conjecturalis
1406 2060 1616 2106 causa
1671 2060 1824 2107 non
1884 2050 2126 2133 potest
2185 2035 2402 2107 simul
2459 2062 2547 2107 ex

416 2146 662 2220 eadem
704 2160 939 2244 parte,
974 2145 1229 2217 eodem
1260 2148 1331 2215 in
1366 2170 1669 2243 genere,
1713 2159 1785 2216 et
1813 2146 2319 2241 conjecturalis
2348 2170 2503 2218 esse
2525 2202 2542 2230 ‚

418 2272 491 2331 et
519 2255 909 2329 definitiva.
951 2260 1229 2327 Rursus
1254 2280 1389 2327 nec
1419 2254 1784 2328 definitiva
1823 2281 2032 2327 causa
2063 2270 2302 2355 potest
2330 2257 2542 2328 simul

420 2395 507 2440 ex
527 2368 777 2440 eadem
805 2382 1050 2466 parte,
1086 2367 1342 2438 eodem
1381 2369 1455 2438 in
1499 2392 1794 2464 genere,
1835 2383 1906 2438 et
1944 2367 2312 2440 definitiva
2349 2393 2546 2452 esse,

420 2495 491 2552 et
518 2477 945 2549 translativa.
990 2481 1081 2549 Et
1118 2478 1420 2548 omnino
1458 2476 1654 2548 nulla
1703 2479 2162 2564 constitutio,
2210 2503 2345 2550 nec
2383 2501 2550 2576 pars

420 2587 951 2662 constitutionis
994 2602 1235 2686 potest
1275 2587 1488 2658 simul
1537 2604 1609 2658 et
1649 2613 1850 2658 suam
1893 2587 2202 2677 habere,
2257 2602 2329 2659 et
2369 2587 2546 2659 alte-

419 2701 569 2770 rius
602 2701 677 2768 in
726 2723 800 2770 se
842 2700 985 2767 vim
1036 2701 1411 2770 continere
1454 2725 1470 2767 :
1520 2696 1687 2768 ideo
1726 2697 1928 2794 quod
1965 2722 2425 2795 unaquaeque
2463 2723 2552 2770 ex

422 2832 536 2897 se,
578 2823 653 2880 et
681 2835 769 2880 ex
806 2833 935 2880 sua
971 2823 1229 2879 natura
1267 2808 1690 2905 simpliciter
1741 2806 2276 2897 consideratur3
2332 2809 2552 2880 altera

426 2933 819 3016 assumpta,
876 2943 1223 2990 numerus
1272 2921 1873 2990 constitutionum
1923 2918 2362 3015 duplicatur,
2401 2945 2555 2991 non

494 3085 543 3132 5.
588 3082 643 3130 δί
670 3082 825 3148 igitur
852 3082 1155 3131 concertatio.
1176 3118 1189 3131 .
1212 3119 1225 3131 .
1257 3082 1439 3130 eonstae‘·
1530 3085 1660 3132 enim
1687 3100 1823 3133 esse:
1855 3083 2130 3133 -demomn
2159 3094 2208 3132 et
2241 3083 2556 3134 deliberatio-

426 3161 621 3211 enm'om's
642 3174 727 3210 ese.
756 3165 876 3210 Haee
898 3163 1061 3211 omnia
1084 3161 1281 3212 schiitz.
1302 3163 1439 3227 quasi
1531 3178 1642 3211 nem
1666 3179 1768 3210 esse
1786 3179 1874 3212 nee
1894 3163 2150 3212 constitut.
2168 3179 2258 3212 nec
2281 3163 2396 3230 dep.
2421 3176 2518 3214 etc.
2533 3189 2558 3208 ι·

426 3257 487 3291 ex
512 3241 909 3290 antecedentibus
946 3253 1125 3292 temere
1160 3245 1365 3308 repetita
1392 3253 1441 3291 et
1533 3243 1683 3290 Vetus
1703 3243 1844 3290 etiam
1865 3242 2033 3291 anb.
2055 3241 2224 3292 habet.
2251 3244 2382 3292 Ean.

428 3320 645 3370 ordinem
665 3322 1055 3372 ratiocinationis
1076 3323 1441 3384 turbantia‚ju·
1603 3323 1649 3369 8.
1709 3321 1977 3386 Urgebitnr.
2027 3321 2078 3368 Sl
2116 3337 2227 3368 cum
2285 3323 2484 3370 Graevio
2529 3341 2556 3370 e

426 3415 479 3448 re
502 3416 593 3448 sno
612 3399 808 3449 delevit.
1424 3459 1429 3462 ¹

498 3479 545 3527 6.
587 3478 999 3526 constitutionem.
1048 3481 1158 3528 Hoc
1188 3481 1391 3528 verbnm
1416 3497 1443 3528 e

424 3559 547 3607 MSS
570 3559 779 3606 restituit
806 3561 973 3608 Groev.
1002 3575 1093 3607 nee
1119 3559 1285 3608 abesse
1308 3561 1445 3610 alvo

428 3655 569 3687 eensu
590 3649 785 3703 potest3
820 3649 1073 3704 exstatque
1096 3641 1151 3688 in
1178 3640 1294 3688 edit.
1324 3639 1440 3688 ΑΜ.

426 3718 569 3782 prim.
590 3717 807 3767 Lambini.
824 3728 921 3768 ete.
944 3719 1170 3769 Eunus-r.
1194 3745 1265 3756 —
1285 3721 1445 3784 Quem

428 3795 621 3846 Sehiitz.
640 3808 871 3861 sequutus
906 3809 997 3846 est.

501 3893 549 3936 7.
602 3877 718 3924 Non
771 3893 875 3924 esse
918 3877 1314 3926 constitutionem.
1370 3879 1449 3926 Sic

428 3953 553 4003 MSS
579 3967 630 4005 et
652 3955 767 4005 edd.
791 3971 871 4021 pr.
902 3973 1055 4020 usqne
1081 3957 1143 4005 ud
1181 3957 1393 4016 Afflum,
1420 3975 1445 4005 a

429 4048 529 4096 quo
544 4035 799 4100 vulgatum
824 4051 915 4084 nee
936 4033 1105 4095 fluxit,
1132 4037 1269 4100 quod
1284 4037 1449 4086 locum

430 4127 516 4174 per
556 4114 847 4170 latinitatem
898 4129 999 4163 non
1044 4115 1207 4164 habet.
1242 4115 1448 4164 Deberet

1532 3399 1646 3448 eod.
1669 3401 1770 3449 Etr.
1802 3399 2038 3448 addamus
2062 3399 2371 3448 incommodo
2387 3436 2402 3461 ‚
2423 3399 2560 3465 qnod

1527 3479 1708 3544 legitur
1721 3479 1862 3527 etiam
1877 3482 1928 3526 in
1941 3479 2053 3527 Ald.
2065 3479 2232 3528 Lamb.
2243 3481 2374 3530 nob.
2385 3481 2560 3548 Stepb.

1531 3571 1580 3610 et
1601 3560 1665 3608 al.
1687 3558 1830 3607 valde
1851 3559 1992 3622 friget
2009 3593 2024 3616 ‚
2052 3559 2188 3622 quod
2208 3571 2320 3622 post
2341 3560 2523 3609 dicitur
2545 3575 2559 3608 ε

1532 3655 1683 3686 «nam
1711 3653 1822 3686 enm
1847 3637 2016 3685 eadem
2056 3639 2223 3686 omnia
2251 3639 2564 3686 incommodn

1533 3727 1798 3782 sequentur
1813 3731 1866 3765 a:
1887 3717 2053 3781 i'taque
2077 3729 2303 3782 praestat‚
2327 3717 2376 3764 id
2397 3735 2422 3765 e
2443 3733 2564 3782 con-

1538 3809 1672 3845 textu
1692 3796 1978 3845 excludere:
1999 3796 2369 3859 intelligendum
2387 3811 2566 3861 nempe

1535 3887 1614 3926 est
1640 3889 1954 3942 argumento.
1993 3877 2262 3942 Urgebitnr
2291 3876 2460 3925 eodem
2489 3893 2564 3924 ar-

1537 3969 1769 4021 gumento
1782 3972 1797 4017 ς
1811 3973 1922 4004 nam
1943 3959 2102 4004 omnia
2125 3973 2235 4004 eum
2254 3955 2564 4005 incommoda

1537 4047 1828 4100 sequentur,
1846 4049 1955 4099 quae
1981 4037 2204 4102 exposita
2223 4049 2338 4086 nunt
2363 4037 2412 4084 in
2430 4051 2570 4098 argu-

1538 4115 1836 4163 mentatione
1861 4115 2130 4180 snperiore.
2150 4118 2264 4165 Sca.
