2982 4682
462 277 555 350 56
1144 281 1240 346 Μ.
1294 279 1369 344 Τ.
1423 277 1902 346 CICERONIS

460 400 825 472 modiores
886 413 1189 496 propter
1252 395 1742 495 cupiditatem.
1818 402 1972 468 Hoc
2033 395 2200 468 loco
2259 396 2600 474 defensor

460 507 907 581 demonstret
964 521 1295 606 oportet,
1338 523 1468 579 aut
1520 507 1676 580 aliis
1727 532 2024 605 quoque
2078 506 2279 579 bono
2331 507 2548 580 fuisse
2577 563 2597 593 ‚

460 635 587 691 aut
632 619 808 690 alios
859 642 1157 716 quoque
1197 617 1305 706 id,
1348 617 1552 716 quod
1587 621 1742 716 ipse
1777 617 2240 688 insimuletur
2259 619 2314 698 4,
2364 617 2599 691 facere

458 729 805 824 potuisse.
874 728 1173 825 Signum
1222 742 1333 800 est
1360 717 1429 814 5,
1476 753 1610 826 per.
1659 726 1862 824 quod
1893 728 2302 799 ostenditur
2340 729 2602 799 idone-a

456 836 884 936 perficiendi
913 836 1209 908 facultas
1248 861 1401 910 esse
1443 841 1758 934 quaesita.
1799 835 1885 906 Id
1921 836 2268 908 dividitur
2309 840 2386 908 in
2431 861 2599 936 par-

458 963 569 1020 tes
638 971 765 1020 sex
821 977 837 1019 :
900 946 1143 1018 locum
1183 1001 1203 1034 ,
1277 961 1595 1046 tempus,
1661 948 1972 1045 spatium
2001 1001 2020 1035 ‚
2093 947 2546 1018 occasionem
2581 1001 2602 1034 ‚

458 1081 663 1156 spem
740 1055 1201 1157 perficiendi,
1265 1082 1467 1154 spem
1541 1057 1844 1128 celandi.
1923 1061 2158 1129 Locus
2210 1060 2557 1154 quaeritur
2584 1111 2604 1145 ‚

462 1167 805 1258 celebris,
866 1192 957 1239 an
1012 1166 1377 1252 desertus3
1436 1191 1722 1264 semper
1780 1161 2190 1253 desertus⁶‚
2261 1191 2353 1237 an
2414 1180 2606 1250 tum,

465 1304 697 1376 quum
733 1279 807 1350 id
844 1277 1113 1351 factum
1152 1281 1287 1364 sit,
1322 1276 1641 1348 fueritin
1675 1301 1764 1347 eo
1803 1277 1965 1347 loco
1997 1275 2354 1363 solitud03
2385 1301 2607 1360 sacer,

462 1415 553 1461 an
592 1388 973 1489 profanus;
1018 1387 1392 1487 publicu5‚
1418 1413 1509 1458 an
1548 1390 1870 1486 privatus
1901 1384 2154 1457 suerit:
2197 1386 2607 1482 cujusmodi

466 1501 605 1572 loci
652 1500 1048 1598 attingant3
1085 1523 1303 1588 num,
1347 1500 1476 1596 qui
1517 1513 1624 1570 est
1657 1523 1908 1597 passus
1928 1509 1986 1584 7,
2029 1512 2448 1595 perspectus
2483 1513 2608 1570 aut

467 1608 851 1682 exauditus
884 1633 1035 1679 esse
1073 1611 1321 1707 possit.
1366 1614 1644 1680 Horum
1673 1605 1850 1706 quid
1887 1633 2057 1694 rec,
2099 1608 2278 1706 quid
2315 1633 2604 1680 accusa-

438 1723 609 1792 ‘tori
650 1722 1071 1809 conveniat,
1114 1720 1558 1818 perscribere
1596 1746 1750 1791 non
1789 1744 2292 1817 gravaremur,
2327 1722 2461 1791 nisi
2499 1719 2604 1790 fa-

467 1832 601 1903 cile
640 1833 915 1928 quivis,
950 1856 1157 1902 causa
1187 1833 1459 1929 posita,
1490 1846 1732 1929 posset
1763 1829 2129 1927 judicare:
2167 1832 2369 1901 initia
2413 1833 2602 1901 enirn

466 1941 909 2013 inventionis
960 1939 1051 2012 ab
1112 1955 1264 2012 arte
1314 1939 1587 2013 debent
1635 1940 2042 2039 proficisci3
2111 1957 2346 2012 cetera
2401 1940 2608 2013 facile

470 2051 923 2150 comparabit
938 2053 1372 2124 exercitatio,
1389 2056 1706 2148 Tempus
1727 2053 1823 2121 ita
1839 2052 2217 2146 quaeritur:
2238 2075 2382 2148 qua
2406 2064 2607 2150 parte

468 2163 683 2251 anni3
721 2186 868 2258 qua
900 2155 1128 2232 hora⁸
1162 2190 1178 2232 :
1226 2177 1447 2237 noctu
1474 2217 1496 2250 ,
1535 2185 1626 2236 an
1658 2161 1971 2232 interdiu
2010 2187 2028 2231 ε
2067 2187 2210 2258 qua
2247 2161 2389 2238 diei
2405 2216 2440 2259 ,·
2461 2155 2609 2260 qua

474 2350 635 2412 Quem
661 2348 775 2397 Sch.
804 2346 995 2411 probat.
1026 2346 1121 2394 Hic
1142 2356 1215 2393 est
1241 2346 1366 2394 ordo
1392 2362 1501 2395 ver-r

472 2428 651 2477 borum
675 2442 690 2476 :
724 2448 747 2471 ιι
764 2427 882 2474 nlius
900 2426 1109 2474 rationes
1129 2426 1310 2489 fugisse
1331 2426 1500 2487 illum;

474 2522 581 2555 non
604 2506 871 2555 intellectas
898 2504 971 2553 mi
996 2504 1145 2552 fuisse
1171 2525 1216 2552 ι.

544 2592 595 2639 4.
612 2584 938 2632 Ιωὶηιιιῖεηιν.
958 2583 1219 2631 Simuletur
1242 2584 1389 2631 Grut.
1411 2598 1498 2631 ne·

471 2665 575 2715 scio
611 2678 707 2726 qna
741 2661 1058 2719 auetoritate3
1085 2660 1172 2708 sed
1210 2660 1369 2709 multo
1396 2677 1500 2710 me—

470 2743 567 2793 lius
612 2741 916 2791 retinuerunt
954 2751 1069 2804 post
1116 2756 1227 2789 eum
1276 2756 1445 2789 omnes
1482 2760 1495 2787 :

474 2846 499 2865 ιι
510 2821 647 2887 quod
668 2819 977 2870 insimuletur
995 2820 1212 2885 (fecisse)
1228 2841 1266 2868 ι.

548 2900 599 2953 5.
633 2900 832 2967 Signum
859 2912 943 2951 esc.
979 2900 1061 2949 cf.
1107 2898 1169 2949 de
1208 2902 1400 2948 Invent.
1436 2900 1461 2947 1
1482 2933 1499 2960 ,

476 2984 569 3045 30,
587 2994 636 3032 et
656 2983 828 3045 Quint.
852 2982 917 3042 V,
939 2996 987 3043 9.
1006 2982 1183 3029 Wrrz.

548 3063 597 3110 6.
617 3064 814 3125 Semper
829 3060 1061 3119 desertus,
1078 3075 1146 3106 an
1166 3070 1283 3111 eum.
1306 3056 1499 3106 Vitiose

475 3141 593 3191 Διά.
612 3161 637 3183 ιι
664 3155 853 3204 semper
878 3147 1064 3185 tantum
1099 3152 1164 3185 an
1187 3147 1289 3184 tum
1312 3159 1358 3186 n.
1382 3138 1498 3185 Sca.

475 3248 545 3259 -—
580 3218 771 3269 inserui
811 3217 1014 3265 verbum
1050 3215 1257 3263 desertus
1290 3214 1501 3273 suaden-

480 3302 610 3351 tibus
647 3298 838 3347 cunctis
874 3296 939 3345 nd
972 3311 1122 3342 unum
1158 3294 1501 3359 manuscriptis

476 3391 526 3429 et
565 3377 678 3427 edd.
714 3385 831 3425 vett.
876 3376 1090 3423 Primum
1128 3374 1339 3421 removit
1374 3385 1500 3437 puto

476 3459 747 3509 Victorius.
776 3457 946 3505 Ganr-

550 3557 599 3600 7.
648 3537 780 3585 Num
800 3568 818 3593 ‚
870 3532 954 3599 qui
1004 3543 1076 3580 est
1116 3548 1311 3597 passus.
1360 3531 1495 3581 Edit.

480 3626 643 3680 1774,
687 3638 714 3657 ··
736 3613 977 3678 numquid
1018 3614 1103 3678 qni
1140 3623 1213 3661 est
1249 3628 1421 3676 passus
1447 3634 1501 3671 n,

470 3696 611 3765 qnod
637 3711 741 3745 uon
773 3692 1055 3758 spreverim.
1094 3693 1174 3740 Sic
1208 3702 1258 3739 et
1293 3690 1499 3740 Mediol.

471 3779 524 3831 in
557 3792 653 3841 qus
688 3786 851 3837 tamen
887 3772 1025 3820 abest
1058 3769 1180 3835 qui,
1222 3782 1279 3818 ut
1322 3769 1374 3817 in
1411 3788 1500 3819 eo-

473 3854 665 3911 dieibus
690 3852 959 3903 Graeviauis
976 3886 989 3907 ,
1025 3850 1111 3915 qui
1137 3848 1383 3914 numquid
1403 3852 1494 3898 ha-

1585 2347 1793 2412 scripsi,
1819 2348 2007 2411 inquit,
2039 2364 2066 2395 e
2096 2347 2306 2411 vestigiis
2331 2347 2442 2396 cod.
2471 2346 2608 2395 Leid.

1586 2428 1636 2487 3,
1663 2428 1719 2475 in
1741 2443 1844 2492 quo
1868 2428 2048 2491 legitur
2069 2442 2082 2477 :
2118 2450 2144 2469 ιι
2161 2427 2404 2491 numquid
2424 2428 2512 2491 qui
2537 2436 2611 2475 est

1584 2523 1756 2570 passus
1787 2528 1834 2553 n.
1873 2505 2136 2571 Vulgatum
2174 2522 2187 2555 ε
2213 2529 2240 2549 ιι
2268 2522 2386 2554 num
2425 2507 2508 2569 qui
2537 2517 2611 2555 est

1586 2601 1754 2649 passus
1789 2606 1839 2643 ιι,
1875 2585 1945 2633 sic
1977 2584 2200 2634 absolute
2227 2588 2444 2649 positum
2477 2585 2610 2634 haud

1585 2666 1689 2717 sine
1707 2680 1848 2713 cansa
1864 2676 2140 2729 suspectum
2160 2676 2260 2713 erat
2281 2666 2493 2723 Graevio.
2515 2664 2612 2716 Sed

1586 2760 1738 2809 quum
1763 2743 1942 2791 dicitur
1971 2758 1985 2793 ε
2017 2766 2043 2785 ιι
2077 2760 2223 2803 num,
2259 2745 2346 2808 qni
2391 2744 2510 2808 quid
2537 2756 2612 2795 est

1585 2840 1754 2888 passus
1775 2846 1800 2865 ιι
1817 2859 1832 2883 ,
1858 2834 2023 2888 potest
2043 2822 2250 2887 intelligi
2271 2840 2436 2871 necem
2453 2858 2468 2878 ,
2487 2839 2610 2869 ver·

1586 2902 1717 2961 bem,
1739 2914 1974 2967 stuprum.
2000 2903 2095 2952 Hic
2120 2902 2246 2949 enim
2272 2900 2460 2951 infinite
2489 2902 2612 2949 dici·

1587 2992 1684 3041 tur,
1721 2982 1858 3045 quod
1894 2981 1955 3029 de
2003 2998 2056 3029 re
2093 2993 2222 3030 certa
2257 2984 2346 3040 IV,
2396 2990 2481 3039 4¹,
2533 2981 2620 3030 his'

1585 3060 1746 3113 verbis
1781 3062 2072 3127 exprimitur
2101 3075 2114 3109 :
2152 3082 2174 3104 ιι
2209 3060 2376 3125 paullo
2408 3070 2524 3126 post
2559 3062 2611 3107 in

1585 3140 1696 3205 ipso
1724 3140 1893 3205 (loco)
1927 3157 2030 3189 vox
2051 3142 2210 3200 illius,
2235 3142 2324 3204 qni
2356 3141 2615 3189 occideba-

1586 3230 1683 3277 tur,
1723 3220 1888 3269 audita
1919 3242 1966 3269 ιι.
2011 3222 2236 3269 Ceterum
2267 3220 2614 3287 Oudendorpii

1588 3300 1884 3360 conjectura,
1921 3300 2162 3364 numquid
2183 3311 2435 3364 patrasse,
2461 3300 2614 3349 inuti-

1587 3376 1648 3425 lis
1673 3388 1760 3425 est.

1658 3452 1707 3505 8.
1758 3458 1868 3520 Qua
1912 3444 2052 3506 Ἰιοι-α.
2098 3457 2218 3504 Haec
2267 3456 2412 3504 verba
2446 3461 2614 3519 spuria

1588 3544 1726 3599 puto.
1753 3536 1968 3583 Omnino
2003 3545 2077 3583 est
2107 3535 2336 3584 confusio
2367 3536 2463 3583 hoc
2494 3535 2612 3583 loco

1589 3623 1720 3661 tanta
1747 3612 1800 3661 in
1826 3613 1965 3661 libris
1980 3648 1997 3675 ‚
2021 3624 2080 3662 ut
2105 3630 2216 3661 eum
2241 3612 2475 3678 refingere
2501 3630 2612 3663 cum

1587 3690 1765 3741 fiducia
1807 3710 1908 3742 non
1963 3696 2053 3741 sim
2105 3709 2278 3753 ausus;
2327 3694 2614 3757 servavique

1587 3772 1723 3837 quod
1751 3784 1854 3821 erat
1890 3774 1942 3821 in
1982 3772 2064 3821 ed.
2098 3773 2356 3821 Gronovii.
2389 3774 2613 3821 Ennnsr.

1589 3878 1656 3888 —-
1678 3854 1818 3900 Hane
1845 3869 1946 3900 esse
1973 3851 2180 3915 glossam
2203 3864 2354 3917 puto,
2371 3852 2614 3899 scribente

470 3936 668 3985 bebani.
718 3935 937 3981 Esau-r.
980 3958 1047 3967 -
1104 3926 1357 3977 Sebiitzius
1407 3929 1493 3977 dat
1581 3930 1746 3994 aliquo
1787 3929 1891 3998 ὥρᾳ
1931 3947 2084 3995 graece
2125 3942 2179 3979 ut
2215 3932 2612 3996 interpretaretur

473 4040 495 4061 ι
526 4032 643 4067 num
672 4014 758 4079 qui
784 4010 906 4083 quid
932 4020 1006 4059 est
1040 4025 1207 4078 passus
1229 4030 1274 4059 ιι.
1305 4010 1386 4066 Sic
1413 4025 1488 4058 re-

1579 4010 1725 4061 verba
1748 4026 1761 4060 :
1786 4022 1930 4073 parte
1954 4010 2091 4060 anni.
2185 4016 2201 4037 ‘
