2982 4682
526 376 663 449 580
1212 376 1309 443 M.
1362 374 1439 442 T.
1495 374 1975 443 CICERONIS

402 512 415 527 '
520 500 643 574 Est
684 500 877 570 enim
910 492 1372 593 amplificatio
1408 493 1802 565 vehemens
1841 492 2176 590 quasdam
2203 512 2656 592 argumenta-

517 614 657 697 tio;
726 623 809 679 ut
848 606 968 678 illa
1008 605 1320 677 docendi
1368 628 1590 677 causa
1613 607 1746 691 sit,
1795 604 1949 676 haec
1991 606 2517 677 commovendi.
2551 648 2648 661 -—-

514 725 592 795 C.
632 724 702 791 F.
746 724 964 815 Perge
1007 717 1226 812 igitur
1260 714 1516 785 ordine
1565 729 1882 811 quatuor
1929 713 2105 785 mihi
2158 715 2371 785 istas²
2410 731 2647 812 partes

516 830 893 928 explicare.
928 870 1027 881 —-
1067 831 1147 896 C.
1188 830 1262 897 P.
1312 826 1629 911 Faciam,
1693 840 1768 895 et
1817 849 1859 894 a
1909 825 2280 921 principiis
2337 826 2644 922 primum

512 941 798 1013 ordiar:
830 962 993 1037 quae
1019 936 1315 1033 quidem
1346 934 1724 1007 ducuntur
1755 950 1886 1006 aut
1901 958 1988 1005 ex
2019 936 2378 1031 personis,
2407 950 2527 1005 aut
2557 960 2646 1004 ex

512 1051 732 1125 rebus
769 1050 967 1148 ipsis.
1008 1051 1412 1117 Sumuntur
1449 1061 1692 1117 autem
1727 1048 1948 1115 trium
1975 1068 2218 1115 rerum
2259 1047 2528 1141 gratia:
2563 1060 2644 1117 ut

510 1160 866 1247 amice,‘ut
896 1157 1403 1255 intelligenter,
1428 1171 1514 1227 ut
1541 1170 1815 1227 attente
1852 1154 2228 1227 audiamur
2243 1151 2292 1225 3.
2317 1158 2638 1247 Quorum

512 1276 791 1372 primus
821 1270 1025 1341 locus
1062 1283 1171 1339 est
1208 1268 1283 1338 in
1330 1267 1662 1364 personis
1695 1266 2001 1355 nostris,
2050 1264 2642 1364 disceptatorum,

512 1381 1083 1454 adversariorum
1132 1403 1148 1447 :
1197 1401 1236 1447 e
1277 1374 1549 1472 quibus
1606 1376 1810 1447 initia
1857 1374 2359 1447 benivolentiae·
2407 1378 2644 1448 conci-

510 1490 761 1563 liaudae
800 1500 1342 1583 comparantur,
1388 1499 1515 1554 aut
1561 1486 1840 1557 meritis
1876 1488 2176 1571 nostris,
2231 1502 2360 1557 aut
2413 1486 2640 1583 digni·

506 1618 695 1690 tate,
744 1613 872 1670 aut
906 1596 1153 1694 aliquo
1188 1620 1451 1693 genere
1489 1597 1806 1683 virtutis,
1855 1610 1928 1667 et
1979 1597 2284 1668 maxime
2336 1596 2638 1668 liberali-

504 1715 703 1793 tatis,
737 1704 998 1791 officii,
1049 1705 1379 1801 justitiae,
1422 1702 1635 1792 fidei3
1693 1706 2214 1803 contrariisque
2253 1706 2520 1778 rebus⁴
2567 1709 2636 1775 in

513 1814 955 1887 adversarios
998 1811 1502 1902 conferendis3
1559 1828 1637 1885 et
1669 1840 1836 1886 cum
1869 1816 1992 1903 iis,
2036 1819 2164 1913 qui
2209 1815 2638 1915 disceptant,

522 1926 763 2023 aliqua
798 1926 1333 2021 conjunctionis
1369 1940 1496 1995 aut
1529 1949 1778 2015 causa,
1813 1940 1939 1997 aut
1973 1950 2104 2023 spe
2142 1926 2636 2024 significanda;

506 2052 615 2125 et,
662 2038 721 2106 si
751 2038 825 2105 in
861 2060 996 2107 nos
1030 2034 1325 2133 aliquod
1370 2033 1620 2105 odium
1657 2032 2053 2107 offensiove
2087 2026 2480 2107 collocata⁵
2513 2037 2633 2120 sit,

505 2146 825 2220 tollenda
854 2171 938 2217 ea
965 2145 1451 2217 minuendave
1470 2200 1487 2231 ‚
1523 2160 1646 2217 aut
1672 2144 2022 2216 diluendo
2046 2197 2067 2232 ‚
2092 2159 2219 2216 aut
2243 2160 2630 2217 extenuan-

506 2259 641 2349 do,
675 2272 802 2329 aut
842 2256 1426 2356 compensandO,
1462 2272 1590 2326 aut
1625 2256 2107 2354 deprecanda
2148 2256 2637 2354 Intelligenter

506 2385 746 2442 autem
782 2384 863 2440 ut
894 2367 1294 2456 audiamur,
1334 2380 1407 2437 et
1444 2381 1755 2453 attente,
1793 2391 1833 2437 a
1875 2364 2099 2438 rebus
2140 2368 2314 2465 ipsis
2347 2366 2636 2438 ordien-

508 2475 687 2548 dum
708 2491 833 2549 est.
862 2475 1002 2548 Sed
1036 2475 1374 2546 facillime
1408 2474 1698 2546 auditor
1735 2475 1977 2562 discit,
2019 2491 2125 2564 et,
2163 2477 2339 2574 quid
2367 2490 2634 2576 agatur,

502 2587 873 2684 intelligit,
911 2587 971 2656 si
1005 2585 1487 2684 complectare
1525 2611 1568 2656 a
1601 2589 1959 2685 principio
1999 2612 2226 2685 genus
2265 2603 2632 2660 naturam-

508 2723 655 2797 que
698 2721 927 2768 causae
942 2693 999 2783 ⁶,
1034 2697 1095 2767 si
1136 2693 1475 2784 definias,
1509 2697 1567 2766 si
1598 2695 1904 2782 dividas,
1939 2699 1998 2768 si
2043 2722 2281 2795 neque
2320 2696 2634 2795 pruden-

507 2811 679 2879 tiam
728 2808 885 2903 ejus
930 2805 1277 2903 impedias
1317 2803 1744 2878 confusione
1793 2809 2144 2904 partium,
2187 2833 2322 2878 nec
2367 2831 2632 2879 memo-

505 2921 688 2988 riam
708 2915 1169 2987 multitudine
1194 2942 1210 2986 ε
1238 2939 1548 3012 quaeque
1571 2941 1743 2988 mox
1771 2916 1864 2988 de
1890 2919 2302 2990 narratione
2327 2915 2634 2989 dilucida

505 3026 870 3110 dicentur,
920 3025 1171 3096 eadem
1227 3025 1441 3095 etiam
1490 3025 1637 3096 huc
1680 3041 2030 3123 poterunt
2069 3043 2264 3098 recte
2307 3025 2554 3098 referri
2577 3037 2630 3098 7.

504 3140 601 3206 Ut
634 3148 906 3205 attente
943 3149 1183 3205 autem
1220 3134 1621 3224 audiamur,
1659 3137 1875 3206 trium
1915 3161 2160 3208 rerum
2198 3137 2436 3234 aliqua
2465 3162 2634 3208 con-

503 3269 935 3345 sequemur:
972 3267 1136 3315 nam
1158 3261 1283 3316 aut
1314 3269 1571 3341 magna
1595 3244 1920 3342 quaedam
1956 3269 2448 3344 proponemus
2467 3301 2486 3334 ,
2513 3262 2635 3317 aut

501 3356 929 3442 necessaria,
964 3368 1089 3424 aut
1133 3354 1522 3449 conjuncta
1573 3379 1739 3426 cum
1792 3357 2003 3454 ipsis,
2048 3355 2244 3456 apud
2291 3381 2478 3455 quos
2519 3381 2632 3428 res

574 3583 627 3615 a.
664 3566 790 3616 Mihi
812 3566 956 3625 istas,
991 3576 1086 3614 etc.
1122 3563 1381 3615 Schiitzius
1414 3583 1526 3615 cum
1615 3567 1694 3615 vel
1736 3568 1912 3618 collata
1953 3571 2058 3617 sit·
2077 3604 2093 3629 ,
2133 3569 2270 3635 quod
2297 3569 2467 3618 melius
2493 3567 2628 3616 vide-

498 3649 593 3696 MS
613 3647 777 3694 Guelf.
805 3647 959 3694 niueas
982 3646 1101 3693 mihi
1119 3667 1165 3695 n.
1614 3657 1694 3694 tur
1717 3663 1732 3698 :
1779 3663 1891 3696 nam
1934 3670 1960 3691 ι
1979 3647 2223 3698 collocare
2265 3648 2584 3698 offensionem
2605 3667 2629 3692 ι

574 3727 623 3776 3.
650 3727 765 3774 Ue...
788 3724 1069 3774 audiamur.
1097 3725 1172 3774 cf.
1197 3728 1308 3774 Iov.
1330 3727 1378 3783 1,
1414 3729 1496 3776 16.
1611 3742 1714 3776 non
1737 3727 1938 3777 dieitur.
1964 3729 2094 3776 Ean.
2113 3753 2184 3766 --
2207 3725 2460 3776 sohiitziu·
2475 3727 2632 3776 corri-

580 3813 626 3862 4.
656 3803 1028 3868 Cunctas-iisque
1053 3804 1211 3852 rebus.
1242 3804 1325 3851 Sic
1350 3807 1439 3853 Ms
1460 3809 1520 3856 E..
1611 3807 1684 3870 git
1706 3806 1972 3856 concitata.
2001 3807 2200 3856 Lnllem.
2217 3805 2356 3856 dedit
2373 3807 2572 3857 collata.

494 3884 633 3949 quod
656 3898 824 3932 verum
854 3892 977 3948 puto
998 3897 1013 3930 τ
1038 3899 1149 3930 mm
1178 3884 1248 3930 sic
1272 3885 1447 3932 Cicero
1463 3887 1516 3932 in
1679 3887 1728 3935 6.
1757 3886 2100 3950 Naturamque
2121 3901 2306 3934 eausa.
2329 3887 2422 3934 MS
2441 3887 2498 3933 B.
2525 3901 2627 3935 non
2671 3885 2678 3892 “

494 3965 584 4011 hae
617 3963 769 4010 forma
802 3976 1023 4024 semper:
1056 3962 1129 4008 sic
1167 3975 1215 4009 et
1244 3961 1357 4010 edd.
1384 3963 1514 4014 Ven.
1606 3963 1755 4012 habet
1783 3977 2124 4029 naturamque.
2165 3966 2226 4012 Et
2263 3977 2420 4013 teter·
2459 3966 2628 4014 omnia

490 4043 627 4088 Junt.
646 4039 813 4104 Vulgo
840 4038 975 4088 abest
995 4055 1106 4105 qne.
1130 4041 1262 4089 Ean.
1604 4053 1792 4092 tantum
1811 4043 1873 4091 ad
1893 4059 2046 4108 genus
2069 4044 2337 4108 pertinent.
2366 4047 2498 4092 Eu.

566 4119 612 4166 5.
652 4117 904 4166 Collocata
940 4117 1018 4168 sie.
1059 4119 1153 4168 Ed.
1178 4118 1305 4168 Vct.
1339 4141 1364 4162 ι
1384 4121 1511 4170 fucta
1673 4136 1726 4190 7.
1751 4119 1953 4187 Baefaem‘.
1975 4123 2067 4174 MS
2085 4121 2184 4173 ΕΑ.
2212 4119 2446 4188 conferri.
2466 4122 2600 4170 Eu.
