2982 4682
462 354 605 455 296
1134 353 1232 423 Μ.
1283 354 1361 421 T.
1412 353 1902 425 emmonis

460 494 532 551 et
588 474 960 572 judiciale,
1012 488 1083 549 et
1120 460 1772 545 demonstrativum
1793 528 1814 563 ‚
1865 491 1942 548 et
2005 475 2574 551 deliberativum.

459 586 753 661 Nullum
790 583 1035 673 dicere,
1070 608 1301 655 causae
1344 608 1503 657 esse
1551 609 1815 682 genus,
1867 610 2098 683 quum
2137 612 2384 687 causas
2423 614 2578 661 esse

462 698 723 771 multas
769 693 995 775 dicat.
1046 709 1123 767 et
1158 697 1235 765 in
1280 718 1399 765 eas
1445 710 1800 792 praecepta
1847 694 2008 783 det,
2048 698 2356 769 amentia
2389 714 2498 769 est
2519 688 2572 768 ⁵.

460 812 703 879 Unum
744 820 989 877 autem
1017 803 1353 898 judiciale
1388 804 1624 875 solum
1671 829 1823 876 esse
1860 808 1986 902 qui
2025 820 2296 903 potest,
2345 832 2574 905 quum

462 915 882 987 deliberatio
915 929 988 985 et
1021 913 1572 999 demonstratio,
1617 939 1855 1011 neque
1887 920 2056 1012 ipsae
2083 916 2348 988 similes
2387 920 2580 991 inter

462 1050 537 1099 se
570 1026 745 1112 sint,
802 1037 875 1095 et
924 1022 1015 1095 ab
1050 1022 1364 1117 judiciali
1406 1046 1670 1119 genere
1714 1024 2102 1121 plurimum
2147 1024 2574 1114 dissideant,

460 1150 531 1208 et
564 1158 775 1207 suum
820 1158 1128 1229 quoeque
1160 1132 1375 1205 finem
1406 1130 1709 1205 habeat⁶
1731 1187 1752 1220 ‚
1781 1158 1932 1231 quo
1977 1131 2232 1205 referri
2273 1134 2580 1207 debeat?

458 1245 921 1341 Relinquitur
955 1267 1167 1339 agn,
1210 1257 1293 1313 ut
1322 1247 1566 1315 omnia
1613 1245 1746 1313 tria
1789 1254 2100 1339 genera?
2145 1246 2291 1315 sint
2327 1270 2572 1317 causa-

458 1380 645 1427 rum.
674 1352 1116 1427 Deliberatio
1145 1354 1386 1449 igitur,
1414 1368 1486 1443 et
1515 1351 2028 1425 demonstratio
2047 1408 2068 1439 ‚
2099 1380 2246 1425 non
2274 1371 2576 1453 possunt

456 1479 651 1537 recte
683 1478 921 1562 partes
948 1465 1250 1559 alicujus
1280 1466 1563 1559 generis
1589 1486 1816 1535 causoe
1849 1470 2112 1563 putari.
2143 1467 2326 1539 Male
2358 1470 2580 1564 igitur

460 1600 579 1647 eas
606 1575 953 1673 generalis
994 1576 1529 1646 constitutionis
1565 1589 1802 1671 partes
1847 1600 2000 1647 esse
2040 1577 2238 1647 dixit.

552 1691 639 1757 X.
671 1686 887 1776 Quod
926 1686 982 1755 si
1020 1686 1299 1782 generis
1330 1707 1556 1755 causae
1593 1698 1834 1781 partes
1859 1710 2008 1757 nou
2047 1700 2350 1783 possunt
2381 1700 2582 1757 recte

457 1796 735 1895 putari,
772 1795 1007 1867 multo
1058 1796 1299 1865 minus
1344 1810 1537 1865 recte
1577 1796 1802 1891 partis
1835 1820 2068 1865 causae
2103 1810 2342 1893 partes
2373 1810 2578 1891 puta-

454 1904 755 1997 buntur.
797 1910 965 1977 Pars
1002 1919 1245 1975 autem
1308 1928 1578 1993 causae,
1629 1907 2050 1975 constitutio
2101 1920 2207 1975 est
2268 1908 2569 1976 omnis¹.

457 2019 622 2087 Non
648 2015 843 2087 enim
862 2038 1073 2087 causa
1094 2012 1184 2085 ad
1212 2014 1805 2085 constitutionem
1821 2070 1840 2102 ,
1887 2015 2012 2086 sed
2039 2016 2458 2085 constitutio
2484 2016 2576 2087 ad

456 2148 743 2200 causam
781 2122 1389 2197 accommodatur.
1426 2122 1568 2195 Sed
1605 2124 2167 2196 demonstratio⁸
2205 2110 2278 2197 et
2305 2124 2576 2197 delibe-

454 2237 637 2306 ratio
660 2288 679 2321 ‚
714 2235 996 2332 generis
1032 2236 1259 2307 causa:
1300 2248 1538 2331 partes
1575 2259 1724 2305 non
1753 2249 2055 2331 possunt
2078 2251 2271 2306 recte
2299 2239 2572 2333 putari,

456 2345 657 2444 quod
682 2348 837 2445 ipsa
871 2361 1044 2418 sunt
1068 2369 1351 2442 genera.
1394 2345 1628 2416 Multo
1665 2349 1884 2442 igitur
1917 2347 2152 2415 minus
2188 2360 2384 2418 recte
2419 2369 2578 2443 par·

454 2459 547 2529 tis
588 2456 783 2551 ejus,
822 2453 1021 2552 quod
1062 2454 1179 2526 hic
1206 2453 1379 2526 dicit
1400 2452 1455 2542 ³,
1495 2469 1732 2552 partes
1773 2453 2250 2553 putabuntur.
2295 2455 2580 2527 Deinde

456 2569 515 2640 si
566 2566 1021 2648 constituti0‚
1090 2579 1163 2635 et
1202 2567 1384 2661 ipsa,
1441 2579 1512 2634 et
1557 2589 1719 2662 pars
1785 2565 2370 2637 constitutionis⁴
2421 2566 2580 2660 ejus

458 2673 829 2774 quassibet,
870 2675 1293 2746 intentionis
1336 2672 1666 2772 depulsio
1723 2690 1872 2761 est3
1937 2699 2098 2772 quae
2155 2676 2575 2747 intentionis

456 2785 787 2884 depulsio
820 2809 972 2856 non
996 2799 1105 2856 est
1123 2839 1141 2870 ‚
1182 2809 1267 2856 ea
1296 2809 1431 2856 nec
1458 2785 1878 2857 constitutio
1902 2839 1921 2873 ‚
1959 2809 2092 2856 nec
2123 2809 2288 2883 pars
2315 2789 2578 2857 consti-

529 2981 580 3026 5.
632 2976 862 3025 Ameneia
914 2986 996 3025 est.
1042 2975 1186 3024 Liber
1236 2974 1469 3024 Suffridi:
1560 2974 1732 3023 ordine
1757 2975 2013 3023 lucidiore.
2053 2975 2183 3023 Male
2211 2975 2448 3025 intellexit
2475 2977 2574 3040 gal-

460 3071 679 3116 esumma
702 3057 909 3104 amentia
932 3067 1005 3104 est
1020 3077 1059 3103 ι.
1088 3055 1259 3104 Gau-r.
1557 3051 1682 3100 licus
1716 3055 1950 3117 interpres
1977 3071 1988 3100 ε
2010 3055 2060 3100 la
2103 3055 2324 3117 question
2361 3055 2536 3103 entim
2551 3075 2574 3112 ,-

526 3136 579 3183 6.
614 3134 809 3184 Habeat
835 3168 847 3182 .
871 3169 883 3182 .
902 3170 920 3184 .
978 3134 1165 3182 debeat.
1204 3134 1471 3184 Pamisum
1559 3135 1777 3198 oportuit
1795 3135 1949 3182 vertit
1973 3144 2104 3180 toute
2125 3134 2364 3196 question.

454 3211 1193 3277 Oudendorpio,quilectionem
1209 3210 1468 3263 habeant...
1631 3228 1678 3260 a.
1718 3212 1818 3260 Sed
1837 3211 2201 3261 demonstratio.
2233 3211 2429 3262 Schiitz.
2463 3227 2574 3262 eum

455 3286 691 3353 debeam,
710 3307 819 3338 cum
842 3291 1062 3354 plurimis
1079 3293 1201 3338 MSS
1228 3291 1469 3354 praetulit,
1558 3289 1819 3350 Lambino,
1857 3301 1914 3336 ae
1947 3288 2073 3336 dem.
2104 3289 2360 3338 Particulae
2388 3303 2468 3350 at,
2494 3291 2570 3338 in·

456 3371 550 3420 nisi
570 3384 802 3434 quaque,
833 3383 983 3431 quum
1010 3375 1197 3414 tantum
1234 3369 1297 3415 ad
1320 3369 1469 3417 alter·
1559 3370 1690 3433 quit,
1727 3370 1778 3418 in
1815 3368 2229 3432 assumptionibus
2267 3371 2574 3434 syllogismo·

455 3461 619 3514 utrum
642 3464 703 3496 ex
725 3445 916 3494 duobus
938 3445 1195 3510 generibus
1220 3447 1473 3508 reseratur,
1557 3464 1666 3496 rum
1687 3447 1916 3496 solemnis
1935 3459 2006 3496 est
2021 3463 2168 3504 nsum
2189 3447 2320 3511 vulg.
2341 3450 2431 3498 sed
2447 3449 2573 3497 dem.

454 3527 685 3592 singulari
698 3541 897 3574 numero
912 3524 1193 3590 ponendum
1202 3529 1468 3574 essetsmr.
1557 3528 1718 3576 minue
1753 3526 1876 3576 bene
1891 3560 1907 3586 ,
1946 3527 2062 3592 quia
2085 3528 2248 3576 stetin
2273 3539 2574 3592 precesserat

528 3623 575 3668 7.
610 3607 672 3653 Ue
703 3603 868 3652 omnia
906 3603 1001 3650 m‘a
1030 3620 1235 3669 genera.
1270 3603 1467 3654 echiiu.
1557 3607 1662 3655 sed.
1695 3609 1906 3654 scum-z.

452 3695 507 3734 ut
526 3683 725 3733 omnino
746 3691 781 3730 t.
803 3699 859 3747 8·
894 3681 1001 3741 Sic,
1020 3681 1208 3746 inquit,
1232 3683 1469 3732 latinitate
1629 3685 1676 3732 3.
1719 3685 1867 3748 Quod
1889 3683 1968 3732 1250
1990 3683 2124 3732 dicit.
2143 3683 2365 3735 Lambin.
2398 3702 2426 3734 e
2451 3686 2574 3734 MSS

452 3762 757 3832 postulante,
780 3771 978 3810 auctore
998 3761 1141 3808 etiam
1163 3765 1377 3820 Granio,
1396 3778 1468 3810 re-
1555 3761 1650 3826 legi
1669 3763 1862 3812 volebat
1876 3779 2051 3827 ‚quam
2072 3762 2150 3812 hie
2171 3763 2292 3810 dicit
2303 3798 2320 3825 ,
2335 3765 2442 3814 scil.
2463 3781 2578 3814 σω·

450 3843 745 3908 scripsimus.
781 3842 844 3889 Et
860 3841 929 3888 sic
950 3842 1049 3902 jam
1077 3842 1337 3890 Lambinus
1364 3840 1467 3890 edi·-
1535 3839 1849 3890 'stitueionem
1866 3842 2166 3907 generalem.
2185 3844 2305 3892 Seu.

454 3920 604 3972 deret.
1627 3929 1674 3976 4.
1739 3921 1804 3968 Ee
1857 3937 1974 3984 pars
2041 3921 2394 3968 constitutionis
2447 3922 2569 3986 ejus.

520 4002 591 4050 X.
619 4015 664 4048 ι.
683 3999 963 4050 comancio
984 4009 1052 4048 ese
1078 3998 1249 4048 omnis.
1269 3996 1465 4050 schfitz.
1555 3996 1810 4048 Schiitzins
1825 4015 1934 4047 cum
1949 3999 2236 4048 Allemauno
2259 4001 2386 4050 delet
2397 4001 2575 4050 eonsti-

457 4099 483 4120 ·
498 4089 569 4128 eet
592 4079 877 4128 constitutio
895 4078 1053 4128 omnis
1066 4100 1091 4118 n
1112 4094 1139 4126 e
1158 4077 1273 4126 cod.
1293 4069 1390 4126 Er'f.
1412 4087 1465 4124 ut
1560 4077 1783 4138 meionis,
1807 4090 2001 4128 auctore
2025 4079 2135 4128 cod.
2163 4079 2261 4128 Etr.
