2982 4682
441 370 581 443 266
1116 376 1211 443 Μ.
1262 378 1340 443 Τ.
1398 376 1888 446 CICERONIS

438 496 671 567 oratio
720 494 1140 569 attribuitur
1189 498 1281 569 ad
1338 498 1758 598 dignitatem
1810 501 2347 575 accommodata
2371 558 2390 589 ,
2447 520 2572 575 ant

438 606 671 679 actio³
707 607 1069 705 quaedam,
1104 607 1247 681 hoc
1281 623 1496 707 pacto
1525 638 1540 679 τ
1579 640 1612 673 α
1635 609 1855 700 Quod
1881 611 1942 681 si
1973 636 2172 683 nunc
2213 612 2367 685 haec
2394 614 2572 684 urbs

438 719 901 789 invictissima
932 742 1185 790 vocem
1232 721 1501 807 mittat,
1557 744 1706 789 non
1747 720 1890 791 hoc
1927 736 2139 819 pacto
2185 720 2574 819 loquatur?

440 833 595 925 Ego
618 827 740 900 illa
758 828 1085 927 plurimis
1110 832 1399 927 tropaeis
1430 844 1689 901 ornata
1707 884 1727 919 ,
1769 830 2158 929 triumphis
2181 831 2402 903 ditata
2425 857 2576 904 cer-

440 942 765 1025 tissimis,
796 938 1199 1011 clarissimis
1224 941 1660 1041 locupletata
1695 943 2048 1031 victoriis,
2085 966 2288 1013 nunc
2321 945 2574 1015 vestris

441 1048 962 1137 seditionibus,
1022 1077 1069 1121 o
1124 1052 1345 1140 cives,
1389 1052 1665 1123 vexor}>
1720 1076 1940 1148 quam
1999 1050 2182 1124 dolis
2231 1054 2574 1128 malitiosa

442 1161 837 1257 Carthag0‚
873 1159 1147 1233 viribus
1178 1161 1483 1260 probata
1516 1162 1947 1248 Numantia,
1985 1158 2378 1260 disciplinis
2411 1188 2576 1234 eru-

446 1271 595 1342 dita
630 1271 1026 1343 Corinthus
1054 1270 1485 1344 labefactare
1527 1298 1679 1344 non
1717 1273 1998 1369 potuit,
2021 1295 2178 1342 eam
2205 1274 2574 1369 patiemini

446 1405 645 1453 nunc
680 1380 772 1452 ab
808 1380 1269 1454 homunculis
1296 1382 1702 1455 deterrimis
1729 1384 2003 1480 proteri
2037 1397 2256 1480 atque
2287 1382 2576 1453 concul-

444 1496 585 1565 cari
608 1492 637 1560 i>
661 1522 695 1557 >2
725 1498 906 1563 Item
928 1547 947 1580 ‚
976 1523 1010 1557 α
1037 1492 1257 1583 Quod
1284 1494 1340 1564 si
1366 1518 1565 1563 nunc
1602 1497 1680 1564 L.
1723 1491 1842 1563 ille
1874 1495 2136 1564 Brutus
2169 1495 2576 1577 reviviscat,

447 1617 519 1675 et
562 1602 679 1673 hic
718 1615 887 1673 ante
928 1601 1151 1701 pedes
1186 1603 1510 1675 vestros4
1547 1603 1728 1675 adsit
1749 1656 1768 1689 ,
1813 1629 1964 1674 non
1990 1602 2126 1673 hac
2149 1617 2395 1673 utatur
2425 1627 2582 1672 ora-

448 1714 691 1784 tione?
732 1718 883 1811 Ego
948 1738 1151 1811 reges
1206 1716 1425 1809 ejeci3
1482 1739 1612 1785 vos
1677 1729 2022 1810 tyrannos
2075 1712 2576 1785 introducitis:

447 1848 583 1921 ego
638 1822 1083 1912 libertatem,
1146 1850 1311 1921 quae
1370 1850 1518 1895 non
1573 1841 1758 1911 erat,
1802 1826 2088 1923 peperi;
2128 1848 2258 1895 vos
2302 1838 2580 1921 partam

452 1958 735 2005 servare
768 1960 915 2006 non
956 1935 1171 2007 vultis
1212 1962 1227 2004 ε
1270 1960 1409 2033 ego
1452 1938 1706 2032 capitis
1745 1937 1883 2005 mei
1925 1933 2250 2032 periculo
2281 1935 2581 2031 patriam

451 2041 782 2132 liberavi;
836 2068 965 2115 vos
1010 2043 1219 2116 liberi
1270 2050 1425 2115 sine
1468 2044 1795 2143 periculo
1833 2068 1987 2117 esse
2027 2068 2178 2114 non
2219 2042 2510 2115 curatis!
2547 2076 2583 2109 2»

451 2157 617 2224 Haec
658 2152 1171 2242 conformatiO,
1236 2154 1403 2226 licet
1454 2155 1532 2229 in
1580 2154 1826 2253 plures
1869 2144 2030 2225 res⁵
2076 2167 2308 2223 mutas
2365 2168 2583 2250 atque

450 2265 801 2336 inanimas
843 2260 1349 2355 transferatur,
1393 2263 1684 2364 proficit
1743 2284 1988 2336 tamen
2049 2263 2444 2363 plurimum
2507 2266 2583 2335 in

451 2376 1027 2476 amplificationis
1076 2376 1447 2476 partibus⁶
1495 2393 1567 2450 et
1603 2377 2234 2450 commiseratione
2247 2386 2300 2446 ⁷.

536 2491 714 2559 LIV.
760 2487 961 2586 (mv.)
992 2487 1429 2586 Significatio
1449 2497 1473 2534 ¹
1520 2504 1648 2577 est,
1675 2513 1835 2585 quoe
1862 2488 2026 2586 plus
2058 2491 2136 2558 in
2175 2488 2586 2585 suspicione

450 2597 830 2695 relinquit,
894 2624 1116 2696 quam
1158 2603 1473 2698 positum
1521 2613 1628 2670 est
1677 2601 1752 2668 in
1796 2599 2146 2670 oratione.
2197 2601 2298 2666 Ea
2341 2594 2424 2667 fit
2458 2619 2590 2693 per

452 2707 1041 2781 exuberationem
1065 2722 1121 2799 ²,
1150 2708 1572 2806 ambiguum
1592 2764 1611 2797 ,
1647 2711 2240 2808 consequentiam
2267 2762 2286 2794 ,
2325 2705 2588 2776 abscis-

454 2819 771 2908 sionem,
825 2819 1396 2892 similitudinem.
1464 2823 1600 2891 Per
1665 2818 2297 2904 exuberationem,
2355 2841 2590 2914 quum

456 2927 619 3024 plus
665 2930 939 3000 dictum
987 2945 1120 3013 est,
1155 2954 1375 3028 quam
1416 2931 1690 3028 patitur
1747 2930 2042 3016 veritaS,
2083 2925 2430 3026 augendae
2467 2951 2592 2997 su-

454 3039 797 3136 spicionis
836 3036 1130 3128 causa3,
1174 3043 1274 3111 sic
1314 3067 1330 3108 t
1362 3071 1401 3104 a
1426 3041 1563 3110 Hic
1596 3038 1685 3110 de
1722 3053 1925 3112 tanto
1963 3040 2400 3137 patrimonio
2443 3051 2589 3106 tam

534 3268 582 3314 3.
600 3266 747 3314 Actio
762 3267 1007 3331 quedam.
1026 3268 1284 3317 Insecutio
1306 3306 1319 3331 ,
1339 3285 1479 3319 accu·
1639 3269 1765 3318 LIV.
1799 3283 1818 3315 1
1832 3301 1846 3316 .
1870 3265 2170 3332 Signficaeeio
2197 3275 2270 3312 est
2283 3301 2297 3326 ,
2321 3275 2415 3312 etc.
2433 3265 2594 3325 Quam

460 3345 583 3392 ’δύο
599 3378 614 3403 9
631 3356 814 3408 parte-5·
1569 3359 1714 3406 vocat
1765 3345 2035 3411 emphasim
2089 3344 2420 3410 Quintilianus
2440 3378 2455 3400 ,
2507 3342 2594 3390 lib.

530 3435 582 3483 4.
598 3428 731 3475 Ante
740 3425 892 3491 pedes
910 3437 1111 3475 vestros.
1135 3427 1193 3473 In
1213 3437 1481 3491 conspectu
1569 3429 1691 3475 vm
1706 3463 1721 3488 ,
1749 3441 1856 3490 cap.
1878 3427 1907 3474 3
1923 3461 1938 3486 ‚
1966 3437 2015 3473 et
2039 3423 2124 3472 nb.
2151 3427 2224 3472 IX
2239 3457 2254 3482 ,
2284 3439 2394 3488 cap.
2417 3439 2468 3469 α.
2501 3421 2597 3471 Sed

460 3515 647 3563 vestro,
671 3515 726 3552 ut
746 3521 892 3569 supra
916 3521 1027 3569 cap.
1054 3505 1141 3568 39.
1569 3509 1732 3554 miuus
1757 3506 1860 3556 lato
1883 3520 2047 3553 seusu.

532 3587 584 3634 5.
612 3587 673 3632 In
693 3585 857 3650 piures
882 3601 957 3631 res
987 3595 1163 3633 mutas.
1184 3587 1483 3649 lutei-pren·
1643 3601 1692 3634 ο.
1711 3589 1806 3633 Per
1821 3585 2238 3632 exuberationem.
2259 3583 2448 3630 Placuit
2466 3579 2598 3628 istud

462 3677 544 3714 tur
575 3667 705 3714 LV.
730 3667 788 3712 L.
830 3664 969 3728 quasi
994 3665 1088 3713 eitz
1120 3663 1407 3729 plerumque
1430 3666 1485 3712 in
1575 3681 1636 3712 ex
1663 3661 1764 3712 Pal.
1792 3665 1955 3727 quint.
1982 3673 2032 3711 et
2053 3662 2206 3711 Bruil.
2227 3664 2477 3708 Hactenus
2505 3677 2598 3706 ex-

460 3761 537 3794 ten
562 3755 720 3793 mutas
740 3760 755 3794 ε
784 3761 875 3792 uec
900 3743 1155 3809 quomodo
1184 3745 1323 3792 aliter
1342 3743 1485 3792 intel·
1574 3741 1948 3807 srapemtionem.
1976 3743 2214 3790 Gaure-
2229 3742 2390 3802 Quem
2407 3741 2600 3787 Ernest-

462 3826 642 3890 Iigatur
668 3825 831 3874 video.
1575 3833 1624 3870 et
1651 3820 1847 3870 Schiitz.
1876 3822 2068 3886 sequuti
2097 3831 2228 3868 sunt.

534 3908 587 3954 6.
614 3909 675 3953 In
714 3903 1113 3972 ampiificationis
1144 3903 1378 3968 partibus.
1411 3905 1485 3950 De
1649 3905 1698 3950 3.
1726 3901 1976 3966 Augenda
2017 3898 2301 3965 suspicionis
2333 3913 2502 3945 eausa.
2531 3899 2598 3943 Ut

464 4001 559 4048 qua
586 3987 636 4033 11
652 4020 665 4042 ‚
686 3987 775 4032 3ο.
1577 3982 1821 4029 accusatio
1851 3982 2000 4045 magis
2027 3979 2297 4028 verisimilis
2343 3977 2562 4024 videatur
2584 4011 2604 4036 ,

540 4081 587 4124 7.
600 4065 662 4109 Ec
676 4063 1107 4111 commiseratione.
1122 4063 1193 4108 De
1208 4059 1402 4124 qualib.
1424 4064 1486 4120 ΙΙ,
1577 4061 1712 4124 quod
1735 4061 1909 4110 Cicero
1928 4061 2040 4108 adv.
2058 4061 2258 4107 Verrem
2279 4057 2339 4105 de
2358 4057 2508 4122 signis
2527 4053 2604 4108 di-

468 4159 569 4204 cap.
594 4143 677 4194 31.
1262 4191 1269 4198 ,
1579 4141 1648 4191 cit
1672 4155 1685 4186 t
1711 4139 2046 4188 «accusatorie
2085 4137 2224 4200 loqui
2239 4157 2279 4184 ιο.
