2982 4682
792 390 1281 462 ORATORIAE
1328 374 1962 478 ΡΑΒΉΤΙΟΝΕε,
2018 418 2056 461 2
2076 417 2130 461 ι.
2381 388 2515 489 597

395 515 621 586 altera
672 511 1221 585 delectationem
1270 525 1586 585 sectatur
1626 515 1910 583 aurium
1930 502 2002 597 ⁵3
2059 514 2390 599 alterius-2,
2440 528 2522 583 ut

400 623 761 709 obtineat,
818 622 1081 721 probet
1120 636 1193 693 et
1250 620 1554 707 efficiat,
1621 623 1820 718 quod
1891 624 2072 721 agit,
2123 626 2358 695 omnis
2411 638 2520 695 est

400 747 752 832 suscepta
768 732 1161 803 contentio.
1204 736 1455 831 ltaque
1501 731 1676 803 illud
1727 733 2089 845 superius,
2144 738 2516 804 exornatio

382 840 703 911 dicitur.
749 840 945 936 quod
986 865 1214 937 quum
1266 838 1487 911 latum
1523 866 1784 938 genus-
1771 852 1936 913 -esse
1967 838 2276 957 potest⁶‚
2313 864 2516 944 sape-

396 972 545 1045 que
574 951 879 1035 varium,
915 974 1141 1019 unum
1172 974 1259 1019 ex
1298 974 1386 1021 eo
1414 949 1842 1046 delegimus,
1881 942 2078 1047 quod
2109 948 2197 1021 ad
2229 950 2518 1023 laudan·

394 1058 529 1131 dos
567 1058 795 1130 claros
836 1060 1029 1129 viros
1066 1059 1566 1183 suscipimus'l,
1601 1074 1676 1129 et
1701 1060 1788 1130 ad
1826 1058 2200 1182 improbos
2238 1059 2518 1157 vitupe-

394 1169 678 1239 randos.
722 1173 971 1240 Genus
1017 1171 1207 1239 enim
1254 1168 1538 1241 nullum
1579 1184 1688 1240 est
1721 1169 2102 1253 orationiS‚
2153 1165 2351 1265 quod
2391 1183 2516 1241 aut

398 1275 695 1348 uberius
728 1276 817 1348 ad
860 1275 1288 1363 dicendum,
1313 1292 1438 1349 aut
1468 1275 1714 1349 utilius
1739 1277 2148 1359 civitatibus
2173 1302 2326 1349 esse
2357 1302 2520 1376 pos-

397 1388 520 1473 sit,
556 1402 681 1459 aut
723 1389 799 1457 in
843 1412 993 1485 quo
1028 1389 1255 1485 magis
1296 1402 1544 1458 orator
1589 1391 1664 1457 in
1711 1388 2123 1483 cognitione
2162 1384 2512 1457 virtutum

394 1498 878 1595 vitiorumque
914 1512 1257 1569 versetur.
1298 1497 1684 1596 Reliquum
1725 1512 1965 1569 autem
2002 1520 2232 1595 genus
2266 1520 2513 1567 causa-

394 1633 597 1691 rum,
634 1623 761 1678 aut
789 1610 873 1683 in
902 1609 1311 1705 provisione
1350 1610 1616 1705 posteri
1655 1608 2034 1705 temporis,
2069 1621 2196 1678 aut
2230 1610 2307 1677 in
2337 1632 2512 1704 prae-

394 1718 585 1787 teriti
623 1715 1139 1814 disceptatione
1183 1732 1510 1789 versatur
1553 1744 1569 1785 ε
1613 1740 1928 1813 quorum
1977 1717 2281 1788 alterum
2329 1715 2510 1789 deli-

356 1910 364 1931 ·
394 1824 787 1896 ber-ationis
812 1841 955 1909 est,
1010 1826 1313 1897 alterum
1342 1823 1618 1919 judicii.
1647 1829 1754 1895 Ex
1788 1848 1934 1921 qua
1963 1818 2346 1924 partitione
2373 1828 2510 1899 tria

393 1958 654 2031 genera
701 1952 1077 2007 causarum
1126 1934 1550 2007 exstiterunt
1604 1962 1620 2004 ε
1681 1958 1944 2019 unum,
1995 1933 2230 2030 quod,
2275 1960 2318 2005 a
2357 1961 2509 2007 me-

394 2045 563 2115 liori
586 2059 820 2143 parte,
860 2043 1289 2115 laudationis
1324 2059 1429 2115 est
1458 2042 1938 2143 appellatum3
1977 2043 2511 2117 deliberationis

272 2238 279 2247 Ι
394 2154 739 2241 alterum3
792 2157 1087 2224 tertium
1112 2152 1577 2250 judiciorum.
1619 2151 2110 2241 Quamobrem
2148 2152 2238 2225 de
2277 2156 2510 2249 primo

392 2267 740 2362 primum,
782 2265 841 2335 si
884 2263 1145 2362 placet,
1208 2262 1683 2362 disputemus.
1725 2304 1818 2316 —
1860 2268 1938 2335 C.
1991 2267 2064 2332 F.
2115 2260 2298 2333 Mihi
2337 2286 2511 2336 vero

394 2375 645 2472 placet.
2499 2405 2504 2412 ·

486 2489 676 2556 xxl.
724 2489 801 2556 C.
856 2486 931 2556 P.
986 2489 1089 2556 Ac
1142 2484 1479 2557 laudandi
1517 2483 2121 2584 vituperandique
2165 2485 2511 2566 rationes,

390 2618 551 2690 quae
586 2619 737 2672 non
764 2594 855 2665 ad
888 2582 1077 2667 bene
1115 2594 1504 2668 dicendum
1533 2595 1804 2679 solum,
1839 2592 1963 2664 sed
1999 2594 2213 2663 etiam
2251 2592 2338 2662 ad
2373 2590 2508 2662 ho-

394 2719 593 2775 neste
636 2705 1017 2776 vivendum
1062 2706 1341 2790 valent,
1394 2729 1752 2803 exponam
1806 2702 2158 2788 breviter,
2212 2715 2428 2798 atque
2467 2727 2508 2772 a

391 2815 758 2911 principiis
798 2815 1133 2886 exordiar
1173 2828 1245 2886 et
1274 2813 1613 2886 laudandi
1641 2828 1714 2884 et
1735 2756 2213 2909 vituperandi.
2247 2813 2510 2882 Omnia

392 2925 583 2992 enim
625 2938 795 2993 sunt
844 2922 1171 3018 profecto
1216 2923 1614 3006 laudanda,
1672 2945 1834 3020 quae
1897 2920 2284 3015 conjuncta
2339 2942 2506 2990 cum

390 3032 651 3102 virtute
686 3046 893 3118 sunt3
938 3047 1013 3102 et
1044 3058 1204 3128 quae
1241 3057 1409 3104 cum
1442 3033 1629 3102 vitiis
1651 3084 1670 3116 ‚
1707 3027 2201 3128 vituperanda.
2243 3029 2510 3118 Quam-

386 3139 641 3212 obrem
672 3139 837 3212 finis
876 3141 1168 3213 alterius
1204 3159 1313 3214 est
1351 3141 1730 3226 honestas,
1767 3141 2058 3210 alterius
2101 3138 2504 3237 turpitudo.

381 3335 585 3383 eothm:
610 3335 694 3384 ned
716 3335 981 3385 admodum
1002 3353 1105 3384 non
1128 3348 1201 3386 eut
1218 3337 1281 3386 ab
1305 3335 1392 3386 ab·
1482 3339 1578 3386 erit
1609 3338 1700 3398 iis,
1719 3337 1773 3386 in
1789 3337 2013 3385 oratione
2027 3372 2044 3398 ,
2074 3335 2380 3400 singulorum
2400 3349 2506 3384 ver·

383 3415 623 3464 ern-atione
670 3427 754 3464 aut
798 3415 1103 3465 correctione
1144 3417 1333 3466 librarii
1380 3417 1399 3464 ε’
1481 3418 1660 3468 borum
1679 3451 1694 3476 ‚
1717 3427 1810 3466 ete.
1838 3438 1858 3460 a
1885 3418 2004 3466 sen.

378 3494 583 3556 cinoque
604 3492 757 3557 glonna
776 3491 995 3543 eitimait
1012 3495 1231 3555 omnino,
1250 3511 1395 3560 qnam
1555 3498 1608 3546 6.
1637 3499 1792 3562 Quum
1819 3497 1970 3544 laeum
1993 3495 2150 3560 genus
2183 3509 2290 3542 esee
2313 3504 2498 3558 pocae.

382 3571 527 3632 hujus
576 3572 717 3622 illud.
763 3573 859 3624 Ed.
878 3573 1033 3623 Verb.
1066 3575 1227 3624 voluit
1264 3575 1395 3624 idem
1482 3578 1586 3624 Aut
1619 3591 1768 3640 quum
1811 3573 2038 3622 vitiosum
2067 3583 2168 3634 eet,
2189 3583 2274 3620 aut
2296 3581 2457 3634 potest
2480 3587 2501 3618 .-

380 3650 523 3711 ἀπο,
548 3652 637 3700 ned
659 3663 733 3700 eut
750 3669 785 3699 a
802 3653 947 3701 modo
966 3670 985 3700 .·
1012 3653 1181 3704 eadem
1208 3653 1290 3703 ed.
1308 3653 1395 3702 ad·
1484 3669 1659 3719 nempe
1693 3663 1784 3702 ant
1811 3652 2074 3716 quoniam,
2099 3660 2183 3700 aut
2196 3650 2360 3714 poesie
2381 3650 2505 3698 seri-

382 3730 459 3778 dit
478 3741 567 3780 aet
590 3740 831 3796 prm-epta
850 3755 894 3780 υ.
916 3733 1046 3781 Eut.
1482 3733 1699 3784 bendum
1728 3742 1816 3781 ent.
1845 3733 1970 3780 Ειιιι.

452 3811 501 3860 5.
524 3810 749 3858 Aurium.
774 3810 869 3858 Vel
904 3811 1167 3860 delendum
1202 3823 1309 3872 eet,
1340 3819 1398 3858 nt
1564 3829 1612 3874 7.
1611 3809 1620 3820 '
1643 3810 1950 3877 Suscipimus.
1987 3811 2150 3873 Vulgo
2187 3808 2500 3872 suscepimus,

386 3889 589 3950 opinor,
610 3887 837 3944 ατη-ἰωῆς
872 3887 948 3936 vel
983 3888 1291 3937 scribendum
1320 3903 1404 3937 au·
1493 3890 1628 3954 qnod
1658 3901 1732 3940 eet
1763 3891 1830 3937 ita
1863 3889 2116 3937 monife-te
2154 3885 2414 3944 vitiosum,
2455 3897 2510 3934 ut
2541 3912 2553 3925 ·

382 3963 615 4014 diturum.
654 3969 729 4014 Ita
752 3966 923 4030 paullo
952 3979 1099 4031 poet:
1128 3968 1405 4031 -qnoniam
1495 3970 1734 4034 corrigere
1773 3985 1876 4017 non
1919 3965 2258 4016 dubitaverim.
2305 3963 2440 4012 Saxi
2421 3965 2515 4028 epi·

386 4045 441 4092 in
467 4043 546 4092 his
574 4047 731 4096 causis
763 4047 923 4094 omnia
950 4048 1073 4096 ratio
1106 4047 1205 4096 sere
1234 4047 1295 4094 ad
1321 4062 1407 4097 vo·
1497 4065 1576 4097 mu
1581 4066 1603 4096 s
1623 4059 1720 4106 ent,
1740 4047 2044 4104 adhibemus,
2062 4033 2368 4108 unu-panim
2373 4046 2420 4091 in
2441 4044 2515 4092 di·

388 4121 623 4186 inputem
658 4125 895 4174 auditoris
922 4125 1145 4186 refertur,
1170 4126 1410 4177 utendum
1500 4128 1674 4177 cendo.
1701 4129 1824 4176 Ειι
1785 4127 1854 4174 uic
1873 4125 1952 4174 ed.
1968 4123 2092 4173 Ven.
2123 4125 2252 4172 Eun.
