<?xml version="1.0" encoding="UTF-8"?>
<!DOCTYPE html PUBLIC "-//W3C//DTD XHTML 1.0 Transitional//EN"
    "http://www.w3.org/TR/xhtml1/DTD/xhtml1-transitional.dtd">
<html xmlns="http://www.w3.org/1999/xhtml" xml:lang="en" lang="en">
 <head>
  <title>
</title>
<meta http-equiv="Content-Type" content="text/html;charset=utf-8" />
  <meta name='ocr-system' content='tesseract 3.04.00' />
  <meta name='ocr-capabilities' content='ocr_page ocr_carea ocr_par ocr_line ocrx_word'/>
</head>
<body>
  <div class='ocr_page' id='page_1' title='image "./mtciceronisquae07lemagoog_0605.png"; bbox 0 0 2982 4682; ppageno 0'>
   <div class='ocr_carea' id='block_1_1' title="bbox 272 447 2534 3200">
    <p class='ocr_par' dir='ltr' id='par_1_1' title="bbox 366 447 2534 1441">
     <span class='ocr_line' id='line_1_1' title="bbox 786 447 2534 551; baseline -0.002 -30"><span class='ocrx_word' id='word_1_1' title='bbox 786 452 1273 521; x_wconf 88' lang='lat' dir='ltr'>ORATORIAE</span> <span class='ocrx_word' id='word_1_2' title='bbox 1323 454 1920 525; x_wconf 85' lang='lat' dir='ltr'><strong>PARTITIONES</strong></span> <span class='ocrx_word' id='word_1_3' title='bbox 1941 508 1960 543; x_wconf 89' lang='lat'>,</span> <span class='ocrx_word' id='word_1_4' title='bbox 2008 480 2078 551; x_wconf 80' lang='lat'>9.</span> <span class='ocrx_word' id='word_1_5' title='bbox 2363 447 2488 519; x_wconf 72' lang='lat'>58·</span> <span class='ocrx_word' id='word_1_6' title='bbox 2529 530 2534 539; x_wconf 42' lang='grc'><em>,</em></span> 
     </span>
     <span class='ocr_line' id='line_1_2' title="bbox 371 553 2493 673; baseline -0.002 -28"><span class='ocrx_word' id='word_1_7' title='bbox 371 553 645 671; x_wconf 78' lang='lat' dir='ltr'>agetur.</span> <span class='ocrx_word' id='word_1_8' title='bbox 708 574 813 644; x_wconf 90' lang='lat' dir='ltr'>Sit</span> <span class='ocrx_word' id='word_1_9' title='bbox 860 587 1103 644; x_wconf 86' lang='lat' dir='ltr'>autem</span> <span class='ocrx_word' id='word_1_10' title='bbox 1160 572 1302 643; x_wconf 91' lang='lat' dir='ltr'>hoc</span> <span class='ocrx_word' id='word_1_11' title='bbox 1364 575 1578 644; x_wconf 84' lang='lat' dir='ltr'>etiam</span> <span class='ocrx_word' id='word_1_12' title='bbox 1629 576 1705 644; x_wconf 92' lang='lat' dir='ltr'>in</span> <span class='ocrx_word' id='word_1_13' title='bbox 1762 570 2216 673; x_wconf 80' lang='lat' dir='ltr'>praeceptis⁸‚</span> <span class='ocrx_word' id='word_1_14' title='bbox 2255 588 2371 659; x_wconf 86' lang='lat' dir='ltr'>ut,</span> <span class='ocrx_word' id='word_1_15' title='bbox 2437 574 2493 641; x_wconf 83' lang='lat' dir='ltr'>si</span> 
     </span>
     <span class='ocr_line' id='line_1_3' title="bbox 373 682 2496 780; baseline 0.001 -29"><span class='ocrx_word' id='word_1_16' title='bbox 373 682 667 779; x_wconf 87' lang='lat' dir='ltr'>quando</span> <span class='ocrx_word' id='word_1_17' title='bbox 710 696 999 779; x_wconf 88' lang='lat' dir='ltr'>tempus</span> <span class='ocrx_word' id='word_1_18' title='bbox 1035 684 1307 780; x_wconf 90' lang='lat' dir='ltr'>ipsum,</span> <span class='ocrx_word' id='word_1_19' title='bbox 1347 698 1470 753; x_wconf 87' lang='lat' dir='ltr'>aut</span> <span class='ocrx_word' id='word_1_20' title='bbox 1505 708 1658 770; x_wconf 66' lang='grc' dir='ltr'>ηε,</span> <span class='ocrx_word' id='word_1_21' title='bbox 1692 698 1819 754; x_wconf 85' lang='lat' dir='ltr'>aut</span> <span class='ocrx_word' id='word_1_22' title='bbox 1847 684 2085 774; x_wconf 78' lang='lat' dir='ltr'>locuS,</span> <span class='ocrx_word' id='word_1_23' title='bbox 2122 700 2246 756; x_wconf 84' lang='lat' dir='ltr'>aut</span> <span class='ocrx_word' id='word_1_24' title='bbox 2271 688 2496 757; x_wconf 88' lang='lat' dir='ltr'>inter-</span> 
     </span>
     <span class='ocr_line' id='line_1_4' title="bbox 371 793 2496 891; baseline 0.001 -30"><span class='ocrx_word' id='word_1_25' title='bbox 371 808 632 864; x_wconf 85' lang='lat' dir='ltr'>ventus</span> <span class='ocrx_word' id='word_1_26' title='bbox 672 793 1007 887; x_wconf 79' lang='lat' dir='ltr'>alicujuS‚</span> <span class='ocrx_word' id='word_1_27' title='bbox 1060 806 1183 863; x_wconf 89' lang='lat' dir='ltr'>aut</span> <span class='ocrx_word' id='word_1_28' title='bbox 1225 793 1748 891; x_wconf 76' lang='lat' dir='ltr'>interpellatio,</span> <span class='ocrx_word' id='word_1_29' title='bbox 1783 810 1908 865; x_wconf 89' lang='lat' dir='ltr'>aut</span> <span class='ocrx_word' id='word_1_30' title='bbox 1951 793 2044 866; x_wconf 92' lang='lat' dir='ltr'>ab</span> <span class='ocrx_word' id='word_1_31' title='bbox 2091 794 2496 865; x_wconf 89' lang='lat' dir='ltr'>adversario</span> 
     </span>
     <span class='ocr_line' id='line_1_5' title="bbox 372 899 2498 1001; baseline -0 -29"><span class='ocrx_word' id='word_1_32' title='bbox 372 901 645 973; x_wconf 91' lang='lat' dir='ltr'>dictum</span> <span class='ocrx_word' id='word_1_33' title='bbox 686 901 1021 999; x_wconf 86' lang='lat' dir='ltr'>aliquod,</span> <span class='ocrx_word' id='word_1_34' title='bbox 1080 916 1155 972; x_wconf 88' lang='lat' dir='ltr'>et</span> <span class='ocrx_word' id='word_1_35' title='bbox 1206 904 1518 975; x_wconf 82' lang='lat' dir='ltr'>maxime</span> <span class='ocrx_word' id='word_1_36' title='bbox 1569 903 1642 974; x_wconf 90' lang='lat' dir='ltr'>in</span> <span class='ocrx_word' id='word_1_37' title='bbox 1707 902 2156 1001; x_wconf 88' lang='lat' dir='ltr'>perorando,</span> <span class='ocrx_word' id='word_1_38' title='bbox 2219 899 2498 973; x_wconf 83' lang='lat' dir='ltr'><strong>dederit</strong></span> 
     </span>
     <span class='ocr_line' id='line_1_6' title="bbox 371 1008 2495 1109; baseline -0.002 -26"><span class='ocrx_word' id='word_1_39' title='bbox 371 1013 823 1084; x_wconf 83' lang='lat' dir='ltr'>occasionem</span> <span class='ocrx_word' id='word_1_40' title='bbox 870 1010 1083 1083; x_wconf 88' lang='lat' dir='ltr'>nobis</span> <span class='ocrx_word' id='word_1_41' title='bbox 1140 1011 1455 1109; x_wconf 82' lang='lat' dir='ltr'>aliquam</span> <span class='ocrx_word' id='word_1_42' title='bbox 1472 1024 1529 1100; x_wconf 84' lang='grc'>9,</span> <span class='ocrx_word' id='word_1_43' title='bbox 1586 1028 1666 1083; x_wconf 89' lang='lat' dir='ltr'>ut</span> <span class='ocrx_word' id='word_1_44' title='bbox 1709 1012 2034 1084; x_wconf 85' lang='lat' dir='ltr'>dicamus</span> <span class='ocrx_word' id='word_1_45' title='bbox 2076 1008 2347 1107; x_wconf 84' lang='lat' dir='ltr'>aliquid</span> <span class='ocrx_word' id='word_1_46' title='bbox 2404 1008 2495 1080; x_wconf 84' lang='lat' dir='ltr'>ad</span> 
     </span>
     <span class='ocr_line' id='line_1_7' title="bbox 366 1118 2498 1220; baseline -0.002 -29"><span class='ocrx_word' id='word_1_47' title='bbox 366 1137 659 1220; x_wconf 88' lang='lat' dir='ltr'>tempus</span> <span class='ocrx_word' id='word_1_48' title='bbox 694 1136 891 1219; x_wconf 76' lang='lat' dir='ltr'>apte,</span> <span class='ocrx_word' id='word_1_49' title='bbox 940 1148 1033 1195; x_wconf 90' lang='lat' dir='ltr'>ne</span> <span class='ocrx_word' id='word_1_50' title='bbox 1085 1121 1724 1220; x_wconf 85' lang='lat' dir='ltr'>derelinquamus:</span> <span class='ocrx_word' id='word_1_51' title='bbox 1763 1136 1873 1209; x_wconf 90' lang='lat' dir='ltr'>et,</span> <span class='ocrx_word' id='word_1_52' title='bbox 1929 1146 2092 1219; x_wconf 86' lang='lat' dir='ltr'>quae</span> <span class='ocrx_word' id='word_1_53' title='bbox 2147 1144 2282 1191; x_wconf 88' lang='lat' dir='ltr'>suo</span> <span class='ocrx_word' id='word_1_54' title='bbox 2334 1118 2498 1189; x_wconf 89' lang='lat' dir='ltr'>loco</span> 
     </span>
     <span class='ocr_line' id='line_1_8' title="bbox 370 1224 2498 1330; baseline -0.004 -28"><span class='ocrx_word' id='word_1_55' title='bbox 370 1232 463 1303; x_wconf 90' lang='lat' dir='ltr'>de</span> <span class='ocrx_word' id='word_1_56' title='bbox 506 1231 1064 1330; x_wconf 88' lang='lat' dir='ltr'>amplificatione</span> <span class='ocrx_word' id='word_1_57' title='bbox 1106 1230 1464 1319; x_wconf 75' lang='lat' dir='ltr'>dicemuS,</span> <span class='ocrx_word' id='word_1_58' title='bbox 1507 1230 1735 1303; x_wconf 88' lang='lat' dir='ltr'>multa</span> <span class='ocrx_word' id='word_1_59' title='bbox 1765 1256 1849 1302; x_wconf 87' lang='lat' dir='ltr'>ex</span> <span class='ocrx_word' id='word_1_60' title='bbox 1891 1231 2006 1302; x_wconf 87' lang='lat' dir='ltr'>his</span> <span class='ocrx_word' id='word_1_61' title='bbox 2032 1240 2376 1328; x_wconf 87' lang='lat' dir='ltr'>poterunt</span> <span class='ocrx_word' id='word_1_62' title='bbox 2409 1224 2498 1295; x_wconf 87' lang='lat' dir='ltr'>ad</span> 
     </span>
     <span class='ocr_line' id='line_1_9' title="bbox 370 1339 1736 1441; baseline 0.001 -29"><span class='ocrx_word' id='word_1_63' title='bbox 370 1344 895 1440; x_wconf 84' lang='lat' dir='ltr'>principiorum</span> <span class='ocrx_word' id='word_1_64' title='bbox 940 1357 1297 1441; x_wconf 65' lang='lat' dir='ltr'>praecepta</span> <span class='ocrx_word' id='word_1_65' title='bbox 1340 1339 1736 1413; x_wconf 82' lang='lat' dir='ltr'>transferri.</span> 
     </span>
    </p>

    <p class='ocr_par' dir='ltr' id='par_1_2' title="bbox 272 1447 2497 3200">
     <span class='ocr_line' id='line_1_10' title="bbox 464 1447 2492 1549; baseline -0.003 -27"><span class='ocrx_word' id='word_1_66' title='bbox 464 1457 581 1522; x_wconf 87' lang='lat' dir='ltr'>IX.</span> <span class='ocrx_word' id='word_1_67' title='bbox 635 1452 791 1549; x_wconf 77' lang='lat' dir='ltr'>(ix.)</span> <span class='ocrx_word' id='word_1_68' title='bbox 828 1456 905 1524; x_wconf 89' lang='lat' dir='ltr'>C.</span> <span class='ocrx_word' id='word_1_69' title='bbox 957 1458 1031 1523; x_wconf 88' lang='lat' dir='ltr'>F.</span> <span class='ocrx_word' id='word_1_70' title='bbox 1074 1451 1317 1543; x_wconf 85' lang='lat' dir='ltr'>Quid?</span> <span class='ocrx_word' id='word_1_71' title='bbox 1363 1455 1439 1523; x_wconf 91' lang='lat' dir='ltr'>in</span> <span class='ocrx_word' id='word_1_72' title='bbox 1503 1454 1918 1524; x_wconf 85' lang='lat' dir='ltr'>narratione</span> <span class='ocrx_word' id='word_1_73' title='bbox 1981 1474 2141 1546; x_wconf 85' lang='lat' dir='ltr'>quae</span> <span class='ocrx_word' id='word_1_74' title='bbox 2203 1447 2492 1519; x_wconf 90' lang='lat' dir='ltr'>tandem</span> 
     </span>
     <span class='ocr_line' id='line_1_11' title="bbox 272 1562 2494 1653; baseline -0.003 -20"><span class='ocrx_word' id='word_1_75' title='bbox 272 1636 277 1640; x_wconf 67' lang='grc'><em>,</em></span> <span class='ocrx_word' id='word_1_76' title='bbox 368 1564 895 1635; x_wconf 85' lang='lat' dir='ltr'>conservanda¹</span> <span class='ocrx_word' id='word_1_77' title='bbox 920 1564 1134 1634; x_wconf 81' lang='lat' dir='ltr'>sunt?</span> <span class='ocrx_word' id='word_1_78' title='bbox 1159 1606 1251 1617; x_wconf 94' lang='lat'>—</span> <span class='ocrx_word' id='word_1_79' title='bbox 1277 1567 1357 1634; x_wconf 91' lang='lat' dir='ltr'>C-.</span> <span class='ocrx_word' id='word_1_80' title='bbox 1379 1566 1453 1633; x_wconf 88' lang='lat' dir='ltr'>P.</span> <span class='ocrx_word' id='word_1_81' title='bbox 1481 1563 1842 1653; x_wconf 86' lang='lat' dir='ltr'>Quoniam</span> <span class='ocrx_word' id='word_1_82' title='bbox 1881 1562 2194 1632; x_wconf 86' lang='lat' dir='ltr'>narratio</span> <span class='ocrx_word' id='word_1_83' title='bbox 2234 1572 2345 1629; x_wconf 90' lang='lat' dir='ltr'>est</span> <span class='ocrx_word' id='word_1_84' title='bbox 2377 1582 2494 1627; x_wconf 88' lang='lat' dir='ltr'>re-</span> 
     </span>
     <span class='ocr_line' id='line_1_12' title="bbox 367 1662 2496 1769; baseline -0.001 -28"><span class='ocrx_word' id='word_1_85' title='bbox 367 1696 529 1742; x_wconf 86' lang='lat' dir='ltr'>rum</span> <span class='ocrx_word' id='word_1_86' title='bbox 591 1672 1008 1769; x_wconf 86' lang='lat' dir='ltr'>explicati0‚</span> <span class='ocrx_word' id='word_1_87' title='bbox 1064 1687 1135 1743; x_wconf 88' lang='lat' dir='ltr'>et</span> <span class='ocrx_word' id='word_1_88' title='bbox 1190 1672 1518 1769; x_wconf 85' lang='lat' dir='ltr'>quaedam</span> <span class='ocrx_word' id='word_1_89' title='bbox 1580 1675 1784 1769; x_wconf 90' lang='lat' dir='ltr'>quasi</span> <span class='ocrx_word' id='word_1_90' title='bbox 1831 1662 2039 1744; x_wconf 69' lang='lat' dir='ltr'>&#39;sedes</span> <span class='ocrx_word' id='word_1_91' title='bbox 2089 1694 2172 1741; x_wconf 86' lang='lat' dir='ltr'>ac</span> <span class='ocrx_word' id='word_1_92' title='bbox 2235 1667 2496 1741; x_wconf 84' lang='lat' dir='ltr'>funda-</span> 
     </span>
     <span class='ocr_line' id='line_1_13' title="bbox 367 1775 2496 1879; baseline -0.002 -28"><span class='ocrx_word' id='word_1_93' title='bbox 367 1796 697 1853; x_wconf 87' lang='lat' dir='ltr'>mentum</span> <span class='ocrx_word' id='word_1_94' title='bbox 741 1781 1267 1853; x_wconf 86' lang='lat' dir='ltr'>constituendae</span> <span class='ocrx_word' id='word_1_95' title='bbox 1306 1780 1516 1868; x_wconf 87' lang='lat' dir='ltr'>fidei,</span> <span class='ocrx_word' id='word_1_96' title='bbox 1556 1806 1640 1852; x_wconf 90' lang='lat' dir='ltr'>ea</span> <span class='ocrx_word' id='word_1_97' title='bbox 1685 1795 1854 1852; x_wconf 88' lang='lat' dir='ltr'>sunt</span> <span class='ocrx_word' id='word_1_98' title='bbox 1894 1782 1970 1850; x_wconf 92' lang='lat' dir='ltr'>in</span> <span class='ocrx_word' id='word_1_99' title='bbox 2019 1805 2101 1850; x_wconf 89' lang='lat' dir='ltr'>ea</span> <span class='ocrx_word' id='word_1_100' title='bbox 2147 1775 2496 1879; x_wconf 79' lang='lat' dir='ltr'>servanda</span> 
     </span>
     <span class='ocr_line' id='line_1_14' title="bbox 367 1887 2490 1991; baseline -0 -29"><span class='ocrx_word' id='word_1_101' title='bbox 367 1892 712 1977; x_wconf 83' lang='lat' dir='ltr'>maxime,</span> <span class='ocrx_word' id='word_1_102' title='bbox 758 1917 919 1991; x_wconf 85' lang='lat' dir='ltr'>quae</span> <span class='ocrx_word' id='word_1_103' title='bbox 948 1894 1161 1963; x_wconf 88' lang='lat' dir='ltr'>etiam</span> <span class='ocrx_word' id='word_1_104' title='bbox 1190 1894 1265 1962; x_wconf 91' lang='lat' dir='ltr'>in</span> <span class='ocrx_word' id='word_1_105' title='bbox 1293 1892 1589 1989; x_wconf 89' lang='lat' dir='ltr'>reliquis</span> <span class='ocrx_word' id='word_1_106' title='bbox 1624 1888 1774 1961; x_wconf 85' lang='lat' dir='ltr'>fere</span> <span class='ocrx_word' id='word_1_107' title='bbox 1803 1888 2090 1960; x_wconf 85' lang='lat' dir='ltr'>dicendi</span> <span class='ocrx_word' id='word_1_108' title='bbox 2126 1887 2490 1986; x_wconf 83' lang='lat' dir='ltr'>partibus:</span> 
     </span>
     <span class='ocr_line' id='line_1_15' title="bbox 366 1997 2497 2100; baseline -0.001 -29"><span class='ocrx_word' id='word_1_109' title='bbox 366 2025 529 2097; x_wconf 82' lang='lat' dir='ltr'>quae</span> <span class='ocrx_word' id='word_1_110' title='bbox 562 1997 821 2100; x_wconf 79' lang='lat' dir='ltr'>partiin</span> <span class='ocrx_word' id='word_1_111' title='bbox 859 2015 1029 2073; x_wconf 90' lang='lat' dir='ltr'>sunt</span> <span class='ocrx_word' id='word_1_112' title='bbox 1064 2002 1500 2087; x_wconf 87' lang='lat' dir='ltr'>necessaria,</span> <span class='ocrx_word' id='word_1_113' title='bbox 1535 2002 1796 2097; x_wconf 85' lang='lat' dir='ltr'>partim</span> <span class='ocrx_word' id='word_1_114' title='bbox 1821 2009 2232 2096; x_wconf 76' lang='lat' dir='ltr'>assumpta²</span> <span class='ocrx_word' id='word_1_115' title='bbox 2261 1997 2350 2069; x_wconf 91' lang='lat' dir='ltr'>ad</span> <span class='ocrx_word' id='word_1_116' title='bbox 2381 2022 2497 2069; x_wconf 91' lang='lat' dir='ltr'>or-</span> 
     </span>
     <span class='ocr_line' id='line_1_16' title="bbox 367 2108 2494 2207; baseline -0 -27"><span class='ocrx_word' id='word_1_117' title='bbox 367 2110 713 2181; x_wconf 88' lang='lat' dir='ltr'>nandum.</span> <span class='ocrx_word' id='word_1_118' title='bbox 746 2114 927 2183; x_wconf 90' lang='lat' dir='ltr'>Nam</span> <span class='ocrx_word' id='word_1_119' title='bbox 968 2127 1045 2182; x_wconf 89' lang='lat' dir='ltr'>ut</span> <span class='ocrx_word' id='word_1_120' title='bbox 1079 2109 1392 2182; x_wconf 88' lang='lat' dir='ltr'>dilucide</span> <span class='ocrx_word' id='word_1_121' title='bbox 1422 2108 2044 2207; x_wconf 79' lang='lat' dir='ltr'>probabiliterque</span> <span class='ocrx_word' id='word_1_122' title='bbox 2077 2130 2452 2179; x_wconf 79' lang='lat' dir='ltr'>narremus</span> <span class='ocrx_word' id='word_1_123' title='bbox 2473 2163 2494 2195; x_wconf 88' lang='lat'>,</span> 
     </span>
     <span class='ocr_line' id='line_1_17' title="bbox 365 2216 2492 2308; baseline -0.003 -18"><span class='ocrx_word' id='word_1_124' title='bbox 365 2224 847 2291; x_wconf 84' lang='lat' dir='ltr'>necessarium</span> <span class='ocrx_word' id='word_1_125' title='bbox 891 2236 1029 2308; x_wconf 82' lang='lat' dir='ltr'>est3</span> <span class='ocrx_word' id='word_1_126' title='bbox 1076 2220 1199 2292; x_wconf 86' lang='lat' dir='ltr'>sed</span> <span class='ocrx_word' id='word_1_127' title='bbox 1242 2216 1719 2292; x_wconf 78' lang='lat' dir='ltr'>assumimus³</span> <span class='ocrx_word' id='word_1_128' title='bbox 1777 2222 1988 2291; x_wconf 82' lang='lat' dir='ltr'>etiam</span> <span class='ocrx_word' id='word_1_129' title='bbox 2045 2218 2492 2289; x_wconf 85' lang='lat' dir='ltr'>suavitatem.</span> 
     </span>
     <span class='ocr_line' id='line_1_18' title="bbox 364 2328 2496 2430; baseline -0.001 -28"><span class='ocrx_word' id='word_1_130' title='bbox 364 2336 554 2430; x_wconf 87' lang='lat' dir='ltr'>Ergo</span> <span class='ocrx_word' id='word_1_131' title='bbox 616 2330 709 2403; x_wconf 90' lang='lat' dir='ltr'>ad</span> <span class='ocrx_word' id='word_1_132' title='bbox 765 2331 1075 2404; x_wconf 86' lang='lat' dir='ltr'>dilucide</span> <span class='ocrx_word' id='word_1_133' title='bbox 1136 2331 1576 2403; x_wconf 89' lang='lat' dir='ltr'>narrandum</span> <span class='ocrx_word' id='word_1_134' title='bbox 1641 2328 1891 2402; x_wconf 87' lang='lat' dir='ltr'>eadem</span> <span class='ocrx_word' id='word_1_135' title='bbox 1950 2328 2069 2400; x_wconf 91' lang='lat' dir='ltr'>illa</span> <span class='ocrx_word' id='word_1_136' title='bbox 2126 2328 2496 2423; x_wconf 83' lang='lat' dir='ltr'>superiora</span> 
     </span>
     <span class='ocr_line' id='line_1_19' title="bbox 366 2439 2496 2541; baseline -0.004 -28"><span class='ocrx_word' id='word_1_137' title='bbox 366 2443 769 2540; x_wconf 85' lang='lat' dir='ltr'>explicandi</span> <span class='ocrx_word' id='word_1_138' title='bbox 807 2458 877 2514; x_wconf 80' lang='lat' dir='ltr'>et</span> <span class='ocrx_word' id='word_1_139' title='bbox 915 2442 1316 2515; x_wconf 86' lang='lat' dir='ltr'>illustrandi</span> <span class='ocrx_word' id='word_1_140' title='bbox 1348 2458 1710 2541; x_wconf 81' lang='lat' dir='ltr'>praecepta</span> <span class='ocrx_word' id='word_1_141' title='bbox 1748 2455 2199 2539; x_wconf 86' lang='lat' dir='ltr'>repetemus,</span> <span class='ocrx_word' id='word_1_142' title='bbox 2227 2443 2298 2508; x_wconf 92' lang='lat' dir='ltr'>in</span> <span class='ocrx_word' id='word_1_143' title='bbox 2339 2439 2496 2533; x_wconf 90' lang='lat' dir='ltr'>qui-</span> 
     </span>
     <span class='ocr_line' id='line_1_20' title="bbox 363 2543 2489 2651; baseline -0.006 -26"><span class='ocrx_word' id='word_1_144' title='bbox 363 2552 503 2625; x_wconf 90' lang='lat' dir='ltr'>bus</span> <span class='ocrx_word' id='word_1_145' title='bbox 545 2571 649 2626; x_wconf 90' lang='lat' dir='ltr'>est</span> <span class='ocrx_word' id='word_1_146' title='bbox 679 2543 990 2626; x_wconf 84' lang='lat' dir='ltr'>brevitas</span> <span class='ocrx_word' id='word_1_147' title='bbox 1026 2582 1041 2623; x_wconf 74' lang='grc' dir='ltr'><strong><em>ε</em></strong></span> <span class='ocrx_word' id='word_1_148' title='bbox 1090 2579 1321 2651; x_wconf 87' lang='lat' dir='ltr'>eaque</span> <span class='ocrx_word' id='word_1_149' title='bbox 1351 2554 1737 2651; x_wconf 87' lang='lat' dir='ltr'>saepissime</span> <span class='ocrx_word' id='word_1_150' title='bbox 1773 2555 1850 2622; x_wconf 93' lang='lat' dir='ltr'>in</span> <span class='ocrx_word' id='word_1_151' title='bbox 1894 2550 2304 2624; x_wconf 80' lang='lat' dir='ltr'>narratione</span> <span class='ocrx_word' id='word_1_152' title='bbox 2338 2545 2489 2624; x_wconf 52' lang='lat' dir='ltr'>lau-³</span> 
     </span>
     <span class='ocr_line' id='line_1_21' title="bbox 366 2659 2490 2764; baseline -0.004 -30"><span class='ocrx_word' id='word_1_153' title='bbox 366 2663 602 2752; x_wconf 87' lang='lat' dir='ltr'>datur,</span> <span class='ocrx_word' id='word_1_154' title='bbox 628 2665 719 2736; x_wconf 92' lang='lat' dir='ltr'>de</span> <span class='ocrx_word' id='word_1_155' title='bbox 748 2690 893 2764; x_wconf 88' lang='lat' dir='ltr'>qua</span> <span class='ocrx_word' id='word_1_156' title='bbox 918 2665 1424 2764; x_wconf 89' lang='lat' dir='ltr'>supradictum</span> <span class='ocrx_word' id='word_1_157' title='bbox 1457 2678 1587 2736; x_wconf 89' lang='lat' dir='ltr'>est.</span> <span class='ocrx_word' id='word_1_158' title='bbox 1617 2659 2020 2735; x_wconf 83' lang='lat' dir='ltr'>Probabilis</span> <span class='ocrx_word' id='word_1_159' title='bbox 2051 2673 2294 2731; x_wconf 84' lang='lat' dir='ltr'>autem</span> <span class='ocrx_word' id='word_1_160' title='bbox 2321 2659 2490 2742; x_wconf 86' lang='lat' dir='ltr'>erit,</span> 
     </span>
     <span class='ocr_line' id='line_1_22' title="bbox 367 2774 2493 2874; baseline -0.003 -30"><span class='ocrx_word' id='word_1_161' title='bbox 367 2779 428 2844; x_wconf 88' lang='lat' dir='ltr'>si</span> <span class='ocrx_word' id='word_1_162' title='bbox 462 2779 827 2872; x_wconf 80' lang='lat' dir='ltr'>personiS‚</span> <span class='ocrx_word' id='word_1_163' title='bbox 887 2777 946 2847; x_wconf 90' lang='lat' dir='ltr'>si</span> <span class='ocrx_word' id='word_1_164' title='bbox 989 2774 1479 2874; x_wconf 83' lang='lat' dir='ltr'>temporibus,</span> <span class='ocrx_word' id='word_1_165' title='bbox 1527 2779 1585 2846; x_wconf 91' lang='lat' dir='ltr'>si</span> <span class='ocrx_word' id='word_1_166' title='bbox 1629 2774 1802 2844; x_wconf 90' lang='lat' dir='ltr'>locis</span> <span class='ocrx_word' id='word_1_167' title='bbox 1847 2797 1976 2859; x_wconf 84' lang='lat' dir='ltr'>ea,</span> <span class='ocrx_word' id='word_1_168' title='bbox 2035 2796 2197 2868; x_wconf 82' lang='lat' dir='ltr'>quae</span> <span class='ocrx_word' id='word_1_169' title='bbox 2249 2793 2493 2840; x_wconf 85' lang='lat' dir='ltr'>narra-</span> 
     </span>
     <span class='ocr_line' id='line_1_23' title="bbox 366 2882 2494 2981; baseline -0.003 -26"><span class='ocrx_word' id='word_1_170' title='bbox 366 2883 668 2973; x_wconf 87' lang='lat' dir='ltr'>buntur,</span> <span class='ocrx_word' id='word_1_171' title='bbox 696 2889 1187 2972; x_wconf 78' lang='lat' dir='ltr'>consentient;</span> <span class='ocrx_word' id='word_1_172' title='bbox 1226 2888 1285 2957; x_wconf 92' lang='lat' dir='ltr'>si</span> <span class='ocrx_word' id='word_1_173' title='bbox 1323 2884 1676 2981; x_wconf 88' lang='lat' dir='ltr'>cujusque</span> <span class='ocrx_word' id='word_1_174' title='bbox 1710 2882 1872 2955; x_wconf 84' lang='lat' dir='ltr'>facti</span> <span class='ocrx_word' id='word_1_175' title='bbox 1912 2895 1985 2954; x_wconf 89' lang='lat' dir='ltr'>et</span> <span class='ocrx_word' id='word_1_176' title='bbox 2017 2882 2255 2952; x_wconf 87' lang='lat' dir='ltr'>eventi</span> <span class='ocrx_word' id='word_1_177' title='bbox 2283 2903 2494 2950; x_wconf 90' lang='lat' dir='ltr'>causa</span> 
     </span>
     <span class='ocr_line' id='line_1_24' title="bbox 367 2992 2491 3091; baseline -0.002 -27"><span class='ocrx_word' id='word_1_178' title='bbox 367 3009 721 3091; x_wconf 75' lang='lat' dir='ltr'>ponetur3</span> <span class='ocrx_word' id='word_1_179' title='bbox 758 2999 816 3065; x_wconf 92' lang='lat' dir='ltr'>si</span> <span class='ocrx_word' id='word_1_180' title='bbox 845 2995 1146 3066; x_wconf 73' lang='lat' dir='ltr'>testata4</span> <span class='ocrx_word' id='word_1_181' title='bbox 1164 2996 1302 3067; x_wconf 91' lang='lat' dir='ltr'>dici</span> <span class='ocrx_word' id='word_1_182' title='bbox 1332 2993 1808 3081; x_wconf 74' lang='lat' dir='ltr'>videbuntur,</span> <span class='ocrx_word' id='word_1_183' title='bbox 1825 2995 1884 3066; x_wconf 92' lang='lat' dir='ltr'>si</span> <span class='ocrx_word' id='word_1_184' title='bbox 1913 3017 2080 3064; x_wconf 89' lang='lat' dir='ltr'>cum</span> <span class='ocrx_word' id='word_1_185' title='bbox 2113 2992 2491 3062; x_wconf 87' lang='lat' dir='ltr'>hominum</span> 
     </span>
     <span class='ocr_line' id='line_1_25' title="bbox 368 3099 2492 3200; baseline 0.002 -26"><span class='ocrx_word' id='word_1_186' title='bbox 368 3104 755 3200; x_wconf 82' lang='lat' dir='ltr'>opinione,</span> <span class='ocrx_word' id='word_1_187' title='bbox 799 3103 1293 3194; x_wconf 77' lang='lat' dir='ltr'>auctoritate5,</span> <span class='ocrx_word' id='word_1_188' title='bbox 1325 3106 1582 3177; x_wconf 85' lang='lat' dir='ltr'>sicum</span> <span class='ocrx_word' id='word_1_189' title='bbox 1623 3104 1817 3200; x_wconf 87' lang='lat' dir='ltr'>lege,</span> <span class='ocrx_word' id='word_1_190' title='bbox 1861 3127 2027 3174; x_wconf 92' lang='lat' dir='ltr'>cum</span> <span class='ocrx_word' id='word_1_191' title='bbox 2060 3127 2294 3190; x_wconf 89' lang='lat' dir='ltr'>more,</span> <span class='ocrx_word' id='word_1_192' title='bbox 2324 3099 2492 3178; x_wconf 86' lang='lat' dir='ltr'>cum</span> 
     </span>
    </p>
   </div>
   <div class='ocr_carea' id='block_1_2' title="bbox 367 3249 2496 3474">
    <p class='ocr_par' dir='ltr' id='par_1_3' title="bbox 367 3249 2496 3474">
     <span class='ocr_line' id='line_1_26' title="bbox 440 3249 2496 3315; baseline 0.001 -19"><span class='ocrx_word' id='word_1_193' title='bbox 440 3251 489 3300; x_wconf 79' lang='lat'>8.</span> <span class='ocrx_word' id='word_1_194' title='bbox 518 3251 595 3298; x_wconf 75' lang='lat' dir='ltr'>Sic</span> <span class='ocrx_word' id='word_1_195' title='bbox 630 3261 791 3298; x_wconf 75' lang='lat' dir='ltr'>antem</span> <span class='ocrx_word' id='word_1_196' title='bbox 840 3249 933 3298; x_wconf 77' lang='grc' dir='ltr'><strong><em>Ιιοσ</em></strong></span> <span class='ocrx_word' id='word_1_197' title='bbox 980 3249 1123 3298; x_wconf 76' lang='lat' dir='ltr'>etiam</span> <span class='ocrx_word' id='word_1_198' title='bbox 1162 3249 1213 3298; x_wconf 78' lang='lat' dir='ltr'>in</span> <span class='ocrx_word' id='word_1_199' title='bbox 1240 3267 1378 3315; x_wconf 74' lang='lat' dir='ltr'>pra·</span> <span class='ocrx_word' id='word_1_200' title='bbox 1543 3253 1634 3300; x_wconf 76' lang='lat' dir='ltr'>IX.</span> <span class='ocrx_word' id='word_1_201' title='bbox 1677 3267 1698 3298; x_wconf 77' lang='grc' dir='ltr'>ι</span> <span class='ocrx_word' id='word_1_202' title='bbox 1712 3287 1725 3301; x_wconf 94' lang='grc'><strong>.</strong></span> <span class='ocrx_word' id='word_1_203' title='bbox 1761 3251 2124 3301; x_wconf 64' lang='lat' dir='ltr'>Consors-anda.</span> <span class='ocrx_word' id='word_1_204' title='bbox 2163 3249 2365 3302; x_wconf 79' lang='lat' dir='ltr'>Lallem.</span> <span class='ocrx_word' id='word_1_205' title='bbox 2409 3250 2496 3298; x_wconf 67' lang='lat' dir='ltr'>ab·</span> 
     </span>
     <span class='ocr_line' id='line_1_27' title="bbox 367 3328 1733 3396; baseline 0 -19"><span class='ocrx_word' id='word_1_206' title='bbox 367 3328 529 3394; x_wconf 73' lang='lat' dir='ltr'>ceptis.</span> <span class='ocrx_word' id='word_1_207' title='bbox 583 3330 913 3393; x_wconf 68' lang='lat' dir='ltr'>Heusingerue</span> <span class='ocrx_word' id='word_1_208' title='bbox 957 3329 1157 3396; x_wconf 81' lang='lat' dir='ltr'>conjicit</span> <span class='ocrx_word' id='word_1_209' title='bbox 1193 3345 1207 3380; x_wconf 78' lang='lat' dir='ltr'><strong><em>z</em></strong></span> <span class='ocrx_word' id='word_1_210' title='bbox 1267 3351 1293 3372; x_wconf 79' lang='grc' dir='ltr'>σι</span> <span class='ocrx_word' id='word_1_211' title='bbox 1319 3330 1387 3378; x_wconf 72' lang='lat' dir='ltr'>eit</span> <span class='ocrx_word' id='word_1_212' title='bbox 1470 3330 1733 3379; x_wconf 68' lang='lat' dir='ltr'>servanda.</span> 
     </span>
     <span class='ocr_line' id='line_1_28' title="bbox 368 3408 2495 3474; baseline -0.002 -17"><span class='ocrx_word' id='word_1_213' title='bbox 368 3409 511 3457; x_wconf 77' lang='lat' dir='ltr'>etiem</span> <span class='ocrx_word' id='word_1_214' title='bbox 528 3409 625 3456; x_wconf 84' lang='lat' dir='ltr'>hoe</span> <span class='ocrx_word' id='word_1_215' title='bbox 644 3409 697 3456; x_wconf 90' lang='lat' dir='ltr'>in</span> <span class='ocrx_word' id='word_1_216' title='bbox 716 3408 975 3474; x_wconf 69' lang='lat' dir='ltr'>praeceptie</span> <span class='ocrx_word' id='word_1_217' title='bbox 994 3429 1036 3455; x_wconf 71' lang='lat' dir='ltr'>n.</span> <span class='ocrx_word' id='word_1_218' title='bbox 1543 3425 1594 3456; x_wconf 65' lang='grc' dir='ltr'>τι.</span> <span class='ocrx_word' id='word_1_219' title='bbox 1628 3410 1907 3473; x_wconf 76' lang='lat' dir='ltr'>Assumpta.</span> <span class='ocrx_word' id='word_1_220' title='bbox 1954 3411 2046 3458; x_wconf 77' lang='lat' dir='ltr'>MS</span> <span class='ocrx_word' id='word_1_221' title='bbox 2098 3409 2259 3460; x_wconf 78' lang='lat' dir='ltr'>Guelf.</span> <span class='ocrx_word' id='word_1_222' title='bbox 2310 3418 2495 3457; x_wconf 74' lang='lat' dir='ltr'>sumta.</span> 
     </span>
    </p>
   </div>
   <div class='ocr_carea' id='block_1_3' title="bbox 366 3487 2495 3868">
    <p class='ocr_par' dir='ltr' id='par_1_4' title="bbox 366 3487 2495 3868">
     <span class='ocr_line' id='line_1_29' title="bbox 438 3487 2437 3553; baseline -0.001 -18"><span class='ocrx_word' id='word_1_223' title='bbox 438 3504 487 3550; x_wconf 83' lang='lat'>9.</span> <span class='ocrx_word' id='word_1_224' title='bbox 518 3487 715 3536; x_wconf 79' lang='lat' dir='ltr'>Dederit</span> <span class='ocrx_word' id='word_1_225' title='bbox 740 3505 845 3536; x_wconf 83' lang='lat' dir='ltr'>occ.</span> <span class='ocrx_word' id='word_1_226' title='bbox 870 3487 1007 3536; x_wconf 77' lang='lat' dir='ltr'>nobis</span> <span class='ocrx_word' id='word_1_227' title='bbox 1034 3487 1273 3552; x_wconf 69' lang='lat' dir='ltr'>aliquam.</span> <span class='ocrx_word' id='word_1_228' title='bbox 1293 3488 1383 3536; x_wconf 77' lang='lat' dir='ltr'>MS</span> <span class='ocrx_word' id='word_1_229' title='bbox 1473 3489 1613 3538; x_wconf 76' lang='lat' dir='ltr'>Ante</span> <span class='ocrx_word' id='word_1_230' title='bbox 1631 3501 1886 3553; x_wconf 75' lang='lat' dir='ltr'>assumpta</span> <span class='ocrx_word' id='word_1_231' title='bbox 1921 3489 2118 3537; x_wconf 75' lang='lat' dir='ltr'>Lnllem.</span> <span class='ocrx_word' id='word_1_232' title='bbox 2144 3487 2283 3537; x_wconf 71' lang='lat' dir='ltr'>addit</span> <span class='ocrx_word' id='word_1_233' title='bbox 2309 3497 2437 3535; x_wconf 73' lang='lat' dir='ltr'>sunt.</span> 
     </span>
     <span class='ocr_line' id='line_1_30' title="bbox 368 3563 2492 3633; baseline -0.001 -19"><span class='ocrx_word' id='word_1_234' title='bbox 368 3567 425 3614; x_wconf 75' lang='lat' dir='ltr'>E.</span> <span class='ocrx_word' id='word_1_235' title='bbox 452 3566 581 3614; x_wconf 83' lang='lat' dir='ltr'>delet</span> <span class='ocrx_word' id='word_1_236' title='bbox 603 3568 857 3632; x_wconf 81' lang='lat' dir='ltr'>aliquam,</span> <span class='ocrx_word' id='word_1_237' title='bbox 885 3563 1023 3633; x_wconf 87' lang='lat' dir='ltr'>quod</span> <span class='ocrx_word' id='word_1_238' title='bbox 1050 3567 1239 3632; x_wconf 75' lang='lat' dir='ltr'>placet,</span> <span class='ocrx_word' id='word_1_239' title='bbox 1271 3567 1386 3631; x_wconf 70' lang='lat' dir='ltr'>quie</span> <span class='ocrx_word' id='word_1_240' title='bbox 1548 3567 1600 3615; x_wconf 83' lang='lat'>3.</span> <span class='ocrx_word' id='word_1_241' title='bbox 1631 3565 1949 3617; x_wconf 80' lang='lat' dir='ltr'>Assumimus.</span> <span class='ocrx_word' id='word_1_242' title='bbox 1965 3567 2146 3615; x_wconf 71' lang='lat' dir='ltr'>Melius</span> <span class='ocrx_word' id='word_1_243' title='bbox 2175 3565 2309 3615; x_wconf 71' lang='lat' dir='ltr'>oms</span> <span class='ocrx_word' id='word_1_244' title='bbox 2329 3566 2387 3614; x_wconf 86' lang='lat' dir='ltr'>E.</span> <span class='ocrx_word' id='word_1_245' title='bbox 2412 3580 2492 3612; x_wconf 77' lang='lat' dir='ltr'>as-</span> 
     </span>
     <span class='ocr_line' id='line_1_31' title="bbox 367 3643 2495 3711; baseline -0.002 -18"><span class='ocrx_word' id='word_1_246' title='bbox 367 3645 529 3695; x_wconf 73' lang='lat' dir='ltr'>etnim</span> <span class='ocrx_word' id='word_1_247' title='bbox 554 3648 773 3709; x_wconf 72' lang='lat' dir='ltr'>sequitur</span> <span class='ocrx_word' id='word_1_248' title='bbox 798 3645 1015 3711; x_wconf 73' lang='lat' dir='ltr'>aliquid,</span> <span class='ocrx_word' id='word_1_249' title='bbox 1047 3658 1096 3696; x_wconf 88' lang='lat' dir='ltr'>et</span> <span class='ocrx_word' id='word_1_250' title='bbox 1132 3646 1388 3695; x_wconf 85' lang='lat' dir='ltr'>commode</span> <span class='ocrx_word' id='word_1_251' title='bbox 1478 3659 1728 3692; x_wconf 72' lang='lat' dir='ltr'>sumamus</span> <span class='ocrx_word' id='word_1_252' title='bbox 1753 3643 1908 3708; x_wconf 72' lang='lat' dir='ltr'>leges,</span> <span class='ocrx_word' id='word_1_253' title='bbox 1938 3657 2022 3693; x_wconf 75' lang='lat' dir='ltr'>aut</span> <span class='ocrx_word' id='word_1_254' title='bbox 2043 3658 2356 3701; x_wconf 70' lang='lat' dir='ltr'>assumemus,</span> <span class='ocrx_word' id='word_1_255' title='bbox 2382 3643 2495 3706; x_wconf 75' lang='lat' dir='ltr'>quie</span> 
     </span>
     <span class='ocr_line' id='line_1_32' title="bbox 366 3721 2490 3789; baseline -0.001 -17"><span class='ocrx_word' id='word_1_256' title='bbox 366 3725 521 3775; x_wconf 70' lang='lat' dir='ltr'>abeat.</span> <span class='ocrx_word' id='word_1_257' title='bbox 544 3726 675 3772; x_wconf 70' lang='lat' dir='ltr'>Ean.</span> <span class='ocrx_word' id='word_1_258' title='bbox 707 3751 777 3762; x_wconf 89' lang='lat'>—</span> <span class='ocrx_word' id='word_1_259' title='bbox 807 3726 918 3774; x_wconf 83' lang='lat' dir='ltr'>Sch.</span> <span class='ocrx_word' id='word_1_260' title='bbox 948 3725 1143 3774; x_wconf 81' lang='lat' dir='ltr'>delevit.</span> <span class='ocrx_word' id='word_1_261' title='bbox 1168 3751 1236 3763; x_wconf 92' lang='lat'>-—-</span> <span class='ocrx_word' id='word_1_262' title='bbox 1260 3725 1390 3773; x_wconf 72' lang='lat' dir='ltr'>tnti-</span> <span class='ocrx_word' id='word_1_263' title='bbox 1478 3735 1549 3773; x_wconf 60' lang='grc' dir='ltr'>αἱ</span> <span class='ocrx_word' id='word_1_264' title='bbox 1571 3723 1728 3771; x_wconf 81' lang='lat' dir='ltr'>oratio</span> <span class='ocrx_word' id='word_1_265' title='bbox 1750 3723 2092 3789; x_wconf 67' lang='lat' dir='ltr'>precipientis.</span> <span class='ocrx_word' id='word_1_266' title='bbox 2117 3727 2250 3773; x_wconf 67' lang='lat' dir='ltr'>Ena.</span> <span class='ocrx_word' id='word_1_267' title='bbox 2277 3748 2350 3759; x_wconf 89' lang='lat'>—</span> <span class='ocrx_word' id='word_1_268' title='bbox 2373 3721 2490 3769; x_wconf 69' lang='lat' dir='ltr'>Sela.</span> 
     </span>
     <span class='ocr_line' id='line_1_33' title="bbox 368 3802 1961 3868; baseline -0.001 -16"><span class='ocrx_word' id='word_1_269' title='bbox 368 3819 500 3852; x_wconf 86' lang='lat' dir='ltr'>mum</span> <span class='ocrx_word' id='word_1_270' title='bbox 522 3819 583 3851; x_wconf 79' lang='lat' dir='ltr'>ne</span> <span class='ocrx_word' id='word_1_271' title='bbox 601 3815 713 3852; x_wconf 73' lang='lat' dir='ltr'>ente</span> <span class='ocrx_word' id='word_1_272' title='bbox 732 3803 972 3868; x_wconf 62' lang='grc' dir='ltr'>ἀει-αὔης.</span> <span class='ocrx_word' id='word_1_273' title='bbox 990 3805 1389 3868; x_wconf 73' lang='lat' dir='ltr'>conjungendum</span> <span class='ocrx_word' id='word_1_274' title='bbox 1479 3802 1616 3851; x_wconf 80' lang='lat' dir='ltr'>dedit</span> <span class='ocrx_word' id='word_1_275' title='bbox 1640 3817 1961 3851; x_wconf 71' lang='lat' dir='ltr'>assaeemamus.</span> 
     </span>
    </p>
   </div>
   <div class='ocr_carea' id='block_1_4' title="bbox 368 3878 2508 4106">
    <p class='ocr_par' dir='ltr' id='par_1_5' title="bbox 368 3878 2508 4106">
     <span class='ocr_line' id='line_1_34' title="bbox 368 3878 2502 3947; baseline -0.002 -17"><span class='ocrx_word' id='word_1_276' title='bbox 368 3894 441 3931; x_wconf 75' lang='lat' dir='ltr'>est</span> <span class='ocrx_word' id='word_1_277' title='bbox 468 3899 579 3930; x_wconf 86' lang='lat' dir='ltr'>cum</span> <span class='ocrx_word' id='word_1_278' title='bbox 608 3883 856 3947; x_wconf 68' lang='lat' dir='ltr'>superiore</span> <span class='ocrx_word' id='word_1_279' title='bbox 882 3897 939 3932; x_wconf 85' lang='lat' dir='ltr'>ue</span> <span class='ocrx_word' id='word_1_280' title='bbox 956 3897 1071 3933; x_wconf 75' lang='lat' dir='ltr'>ente</span> <span class='ocrx_word' id='word_1_281' title='bbox 1088 3885 1133 3933; x_wconf 82' lang='lat' dir='ltr'>si</span> <span class='ocrx_word' id='word_1_282' title='bbox 1143 3921 1158 3946; x_wconf 89' lang='lat'>,</span> <span class='ocrx_word' id='word_1_283' title='bbox 1186 3885 1289 3934; x_wconf 70' lang='lat' dir='ltr'>ita:</span> <span class='ocrx_word' id='word_1_284' title='bbox 1326 3885 1391 3933; x_wconf 76' lang='lat' dir='ltr'>eit</span> <span class='ocrx_word' id='word_1_285' title='bbox 1553 3889 1602 3938; x_wconf 69' lang='grc'>4.</span> <span class='ocrx_word' id='word_1_286' title='bbox 1642 3882 1696 3930; x_wconf 76' lang='lat' dir='ltr'>Si</span> <span class='ocrx_word' id='word_1_287' title='bbox 1733 3891 1913 3930; x_wconf 71' lang='lat' dir='ltr'>testata</span> <span class='ocrx_word' id='word_1_288' title='bbox 1946 3878 2061 3930; x_wconf 69' lang='lat' dir='ltr'>dici.</span> <span class='ocrx_word' id='word_1_289' title='bbox 2093 3881 2185 3930; x_wconf 74' lang='lat' dir='ltr'>MS</span> <span class='ocrx_word' id='word_1_290' title='bbox 2217 3881 2274 3930; x_wconf 79' lang='lat' dir='ltr'>E.</span> <span class='ocrx_word' id='word_1_291' title='bbox 2315 3889 2502 3928; x_wconf 66' lang='lat' dir='ltr'>mean.</span> 
     </span>
     <span class='ocr_line' id='line_1_35' title="bbox 370 3961 1614 4028; baseline 0.002 -20"><span class='ocrx_word' id='word_1_292' title='bbox 370 3961 465 4009; x_wconf 86' lang='lat' dir='ltr'>hoc</span> <span class='ocrx_word' id='word_1_293' title='bbox 500 3963 549 4008; x_wconf 87' lang='lat' dir='ltr'>in</span> <span class='ocrx_word' id='word_1_294' title='bbox 576 3963 861 4026; x_wconf 64' lang='lat' dir='ltr'>preceptis,</span> <span class='ocrx_word' id='word_1_295' title='bbox 898 3975 956 4012; x_wconf 82' lang='lat' dir='ltr'>ut</span> <span class='ocrx_word' id='word_1_296' title='bbox 992 3981 1054 4013; x_wconf 89' lang='lat' dir='ltr'>ne</span> <span class='ocrx_word' id='word_1_297' title='bbox 1086 3964 1322 4028; x_wconf 85' lang='lat' dir='ltr'>derelinq.</span> <span class='ocrx_word' id='word_1_298' title='bbox 1352 3965 1397 4012; x_wconf 77' lang='lat' dir='ltr'>ei</span> <span class='ocrx_word' id='word_1_299' title='bbox 1482 3965 1614 4012; x_wconf 67' lang='lat' dir='ltr'>Eut.</span> 
     </span>
     <span class='ocr_line' id='line_1_36' title="bbox 369 4036 2508 4106; baseline -0.001 -18"><span class='ocrx_word' id='word_1_300' title='bbox 369 4041 567 4104; x_wconf 79' lang='lat' dir='ltr'>quando</span> <span class='ocrx_word' id='word_1_301' title='bbox 597 4041 789 4090; x_wconf 81' lang='lat' dir='ltr'>dederit</span> <span class='ocrx_word' id='word_1_302' title='bbox 818 4043 1042 4104; x_wconf 73' lang='lat' dir='ltr'>occasio,</span> <span class='ocrx_word' id='word_1_303' title='bbox 1072 4044 1107 4091; x_wconf 87' lang='lat' dir='ltr'>i.</span> <span class='ocrx_word' id='word_1_304' title='bbox 1128 4060 1174 4092; x_wconf 89' lang='lat' dir='ltr'>e.</span> <span class='ocrx_word' id='word_1_305' title='bbox 1200 4054 1396 4092; x_wconf 80' lang='lat' dir='ltr'>utamur</span> <span class='ocrx_word' id='word_1_306' title='bbox 1561 4045 1611 4092; x_wconf 80' lang='lat'>5.</span> <span class='ocrx_word' id='word_1_307' title='bbox 1629 4042 1888 4106; x_wconf 74' lang='lat' dir='ltr'>Opinione,</span> <span class='ocrx_word' id='word_1_308' title='bbox 1913 4039 2218 4091; x_wconf 73' lang='lat' dir='ltr'>auctoritate.</span> <span class='ocrx_word' id='word_1_309' title='bbox 2252 4036 2508 4090; x_wconf 73' lang='lat' dir='ltr'>Schiitziue</span> 
     </span>
    </p>
   </div>
   <div class='ocr_carea' id='block_1_5' title="bbox 371 4118 2507 4278">
    <p class='ocr_par' dir='ltr' id='par_1_6' title="bbox 371 4118 2507 4278">
     <span class='ocr_line' id='line_1_37' title="bbox 371 4118 2507 4189; baseline 0 -23"><span class='ocrx_word' id='word_1_310' title='bbox 371 4121 631 4168; x_wconf 70' lang='lat' dir='ltr'>occasione</span> <span class='ocrx_word' id='word_1_311' title='bbox 661 4135 715 4168; x_wconf 73' lang='lat' dir='ltr'>ea</span> <span class='ocrx_word' id='word_1_312' title='bbox 747 4137 893 4184; x_wconf 75' lang='lat' dir='ltr'>quam</span> <span class='ocrx_word' id='word_1_313' title='bbox 920 4122 1067 4170; x_wconf 74' lang='lat' dir='ltr'>nobie</span> <span class='ocrx_word' id='word_1_314' title='bbox 1090 4122 1283 4172; x_wconf 80' lang='lat' dir='ltr'>dederit</span> <span class='ocrx_word' id='word_1_315' title='bbox 1310 4134 1396 4172; x_wconf 72' lang='lat' dir='ltr'>eut</span> <span class='ocrx_word' id='word_1_316' title='bbox 1486 4145 1513 4166; x_wconf 75' lang='lat' dir='ltr'>e·</span> <span class='ocrx_word' id='word_1_317' title='bbox 1531 4139 1618 4189; x_wconf 83' lang='lat' dir='ltr'>op.</span> <span class='ocrx_word' id='word_1_318' title='bbox 1637 4123 1716 4172; x_wconf 82' lang='lat' dir='ltr'>vel</span> <span class='ocrx_word' id='word_1_319' title='bbox 1739 4123 2026 4172; x_wconf 71' lang='lat' dir='ltr'>auctoritate</span> <span class='ocrx_word' id='word_1_320' title='bbox 2043 4143 2086 4181; x_wconf 45' lang='grc' dir='ltr'>»ὁ</span> <span class='ocrx_word' id='word_1_321' title='bbox 2105 4123 2216 4186; x_wconf 73' lang='lat' dir='ltr'>quia</span> <span class='ocrx_word' id='word_1_322' title='bbox 2247 4121 2294 4172; x_wconf 86' lang='lat' dir='ltr'>ei</span> <span class='ocrx_word' id='word_1_323' title='bbox 2314 4118 2507 4168; x_wconf 77' lang='lat' dir='ltr'>videtur</span> 
     </span>
     <span class='ocr_line' id='line_1_38' title="bbox 372 4201 2410 4278; baseline 0.001 -28"><span class='ocrx_word' id='word_1_324' title='bbox 372 4208 561 4266; x_wconf 68' lang='lat' dir='ltr'>tempus</span> <span class='ocrx_word' id='word_1_325' title='bbox 576 4234 595 4262; x_wconf 89' lang='lat'>,</span> <span class='ocrx_word' id='word_1_326' title='bbox 620 4209 705 4250; x_wconf 73' lang='lat' dir='ltr'>eut</span> <span class='ocrx_word' id='word_1_327' title='bbox 726 4217 825 4260; x_wconf 74' lang='lat' dir='ltr'>ree,</span> <span class='ocrx_word' id='word_1_328' title='bbox 844 4211 937 4251; x_wconf 82' lang='lat' dir='ltr'>etc.</span> <span class='ocrx_word' id='word_1_329' title='bbox 952 4201 1079 4252; x_wconf 78' lang='lat' dir='ltr'>vido</span> <span class='ocrx_word' id='word_1_330' title='bbox 1104 4204 1222 4252; x_wconf 76' lang='lat' dir='ltr'>Her.</span> <span class='ocrx_word' id='word_1_331' title='bbox 1244 4205 1295 4263; x_wconf 90' lang='lat'>1,</span> <span class='ocrx_word' id='word_1_332' title='bbox 1318 4205 1369 4250; x_wconf 83' lang='lat'>6.</span> <span class='ocrx_word' id='word_1_333' title='bbox 1488 4201 1726 4275; x_wconf 73' lang='lat' dir='ltr'>particule</span> <span class='ocrx_word' id='word_1_334' title='bbox 1749 4219 1920 4278; x_wconf 69' lang='lat' dir='ltr'>parum</span> <span class='ocrx_word' id='word_1_335' title='bbox 1945 4203 2204 4252; x_wconf 65' lang='lat' dir='ltr'>commode</span> <span class='ocrx_word' id='word_1_336' title='bbox 2227 4203 2410 4262; x_wconf 57' lang='lat' dir='ltr'>abene-</span> 
     </span>
    </p>
   </div>
  </div>
 </body>
</html>
