2982 4682
673 389 804 457 AD
849 387 1444 473 HERENNIUM,
1496 387 1766 456 LIBER
1812 391 1885 474 Ι,
1925 386 1993 457 6.
2317 414 2396 486 17

279 512 607 581 dicemus
649 509 1150 605 interjectione
1187 508 1579 580 verborum
1604 519 1687 580 ¹⁰.
1748 511 1820 579 Si
1857 534 2238 608 persuasus
2286 536 2406 583 au-

281 621 478 692 ditor
535 616 749 717 fuerit
773 629 830 664 ¹¹
857 673 878 706 ‚
923 617 997 688 id
1043 632 1150 690 est
1169 673 1189 708 ‚
1225 623 1284 689 si
1322 620 1554 690 oratio
1596 617 2161 690 adversariorum
2210 621 2408 692 audi-

279 729 568 802 toribus
625 727 843 800 fidem
887 727 1139 801 fecerit
1181 729 1464 826 (neque
1507 729 1699 800 enim
1757 752 1909 800 non
1958 727 2164 801 facile
2229 733 2410 804 scire

285 842 725 938 poterimuS,
761 843 1104 937 quoniam
1139 863 1287 911 non
1317 865 1568 911 sumus
1601 841 1865 928 nescii,
1899 837 2169 937 quibus
2195 841 2413 914 rebus

285 949 470 1022 fides
497 949 656 1020 fieri
699 948 1085 1045 soleat¹²):
1117 974 1288 1048 ergo
1318 951 1375 1021 si
1412 947 1627 1022 fidem
1663 947 1921 1022 factam
1966 943 2417 1049 putabimuS,

289 1060 404 1132 his
424 1085 562 1131 nos
584 1057 804 1131 rebus
835 1059 1362 1132 insinuabimus
1390 1061 1480 1131 ad
1510 1084 1799 1132 causam
1820 1088 1844 1162 :-
1870 1059 1961 1132 de
1997 1086 2086 1132 eo
2118 1053 2201 1149 ¹3,
2221 1061 2419 1159 quod

289 1170 680 1248 adversarii
703 1167 1192 1241 firmissimum
1214 1167 1352 1240 sibi
1379 1169 1961 1266 adjumentum¹4
1992 1176 2426 1269 putaverint,

289 1283 613 1380 primum
646 1305 782 1352 nos
821 1279 1139 1351 dicturos
1182 1280 1724 1378 pollicebimur3
1752 1297 1877 1353 aut
1917 1280 2007 1353 ab
2044 1281 2426 1354 adversarii

291 1391 494 1464 dicto
527 1380 1099 1478 exordiemur15,
1134 1405 1208 1462 et
1246 1390 1337 1463 ab
1378 1415 1468 1462 eo
1507 1392 1814 1463 maxime
1837 1411 1873 1480 ‚‘
1896 1390 2095 1490 quod
2132 1391 2255 1463 ille
2294 1419 2431 1464 nu-

293 1501 612 1600 perrime
642 1498 934 1586 dixerit3
955 1515 1077 1570 aut
1103 1498 1556 1600 dubitatione
1585 1515 1902 1591 utemur,
1930 1501 2109 1599 quid
2143 1504 2430 1601 potissi-

295 1636 503 1684 mum
538 1609 896 1698 dicamuS‚
931 1625 1058 1680 aut
1099 1613 1216 1682 cui
1259 1611 1423 1683 loco
1468 1612 1785 1710 primum
1826 1612 2430 1711 respondeamus,

296 1749 466 1795 cum
497 1721 986 1794 admiratione.
1014 1722 1086 1792 Si
1113 1719 1373 1793 defessi
1401 1737 1617 1794 erunt
1649 1721 2009 1794 audiendo
2027 1777 2046 1811 ,
2078 1720 2170 1793 ab
2191 1723 2430 1822 aliqua

295 1859 412 1922 re,
447 1855 612 1931 quae
643 1832 868 1941 risum
905 1855 1196 1903 movere
1231 1833 1488 1930 possit,
1522 1827 2089 1924 exordiemur-¹⁶,
2129 1832 2221 1902 ab
2256 1858 2431 1932 apo-

304 2071 448 2120 quam
491 2053 554 2102 de
593 2053 882 2102 adversariis
931 2068 1036 2100 esse
1082 2051 1328 2101 dicturum

301 2151 462 2198 neque
504 2134 608 2182 hoc
625 2168 642 2193 ,
690 2149 850 2197 neque
891 2131 1014 2180 illud
1032 2154 1079 2181 ιο.
1129 2133 1328 2181 Gruter.

305 2230 470 2262 eornm
500 2229 532 2261 s
563 2213 668 2261 suis
697 2214 823 2262 Mss
850 2211 1016 2260 abesse
1042 2211 1254 2260 declarat
1279 2221 1330 2259 et

304 2293 556 2361 “ransit-

381 2388 462 2424 10.
485 2369 830 2441 Interjectione
843 2370 1125 2420 verborum.
1148 2369 1209 2420 Id
1227 2380 1329 2429 est,

306 2452 588 2517 spsrgeudis
637 2449 844 2499 subinde
898 2450 1058 2499 verbis
1073 2485 1090 2509 ,
1148 2449 1328 2513 quibus

305 2531 603 2596 intellig-tur
631 2530 694 2578 sb
729 2528 1154 2594 antecedentibus,
1191 2527 1329 2592 qnod

307 2627 400 2660 uos
421 2609 642 2659 dicturos
661 2608 962 2672 negavimus.
984 2610 1116 2656 Eiur-

381 2706 403 2739 ι
417 2704 466 2739 1.
497 2690 553 2738 Si
566 2703 828 2754 persuasus
853 2685 1052 2735 auditor
1058 2684 1220 2752 fuer-ie
1237 2718 1252 2745 ,
1277 2684 1336 2733 id

307 2782 410 2827 est,
445 2768 492 2817 si
529 2767 690 2817 oratio
731 2766 920 2815 advers.
965 2783 1018 2814 a.
1043 2764 1098 2832 s.
1122 2764 1319 2827 jecerit.

309 2846 508 2898 Sehiitz.
547 2846 678 2896 delet
709 2867 738 2889 ι
757 2845 800 2894 si
833 2860 1089 2910 persuasus
1127 2842 1324 2891 auditor

307 2926 482 2985 berit,
503 2927 558 2975 id
585 2935 722 2973 est».
751 2925 796 2971 A
824 2924 1108 2987 glossatore,
1133 2922 1322 2986 inquit,

309 3022 336 3055 e
359 3004 691 3071 superioribus
722 3003 1012 3066 interpolata
1049 3011 1178 3050 sunt.
1221 3002 1323 3049 Eo·

310 3084 418 3135 dem
443 3074 598 3133 modo
623 3082 728 3133 Cic.
751 3082 812 3130 de
842 3084 1038 3131 Invent.
1059 3084 1108 3140 1,
1143 3096 1226 3142 17,
1245 3096 1326 3128 sn-

311 3175 382 3212 tes
409 3178 562 3229 quum
590 3162 831 3210 dixisset:
867 3182 890 3203 ι
911 3170 996 3208 sut
1027 3160 1090 3207 ab
1120 3160 1217 3221 eis,
1243 3158 1329 3223 qui

311 3254 419 3292 ante
441 3242 674 3290 dixerunt
687 3275 704 3301 ‚
723 3239 956 3305 quiddam
982 3239 1195 3288 auditori
1219 3254 1328 3303 per·

312 3336 500 3371 sussum
516 3320 714 3369 videtur
729 3343 774 3379 a,
795 3319 846 3367 id
865 3318 1042 3367 deiude
1060 3321 1131 3366 sic
1149 3316 1324 3365 variat:

317 3422 339 3443 ι
359 3401 446 3449 Sin
470 3401 632 3449 oratio
664 3398 1047 3448 adversariorum
1071 3396 1220 3446 fidem
1251 3396 1328 3444 vi-

313 3479 502 3528 debitur
524 3478 830 3529 auditoribus
859 3478 1027 3526 fecisse
1042 3500 1088 3527 ιο.

387 3574 466 3607 12.
523 3558 769 3624 ρηοηίαηι
811 3573 908 3605 non
945 3573 1107 3605 sumus
1147 3554 1330 3613 nescii,

313 3636 482 3701 quibus
526 3639 665 3686 rebus
682 3637 822 3706 fides
842 3634 968 3704 fieri
1005 3636 1176 3685 soleat.
1219 3636 1331 3683 Hoc

313 3732 424 3765 vere
448 3716 762 3781 antiquorum
789 3716 878 3780 qui
905 3717 1070 3764 omnis
1093 3713 1156 3763 sd
1181 3722 1332 3762 artem

311 3805 362 3843 et
393 3796 644 3844 scientiam
674 3794 966 3845 referebmt.
997 3795 1114 3843 Non
1138 3810 1167 3841 e
1193 3792 1334 3840 vultu

313 3872 608 3931 sedentium,
625 3890 728 3923 uon
741 3890 802 3923 ex
822 3872 1126 3921 sudientium
1139 3886 1338 3920 mma

309 3950 526 4011 judicst3
549 3950 636 4000 sed
663 3968 722 4001 ex
761 3953 824 4000 iis
853 3966 964 4014 quoe
991 3950 1051 3999 de
1081 3949 1337 4001 hominum

317 4040 484 4079 ustura
507 4042 554 4078 et
575 4040 978 4097 argumentorum
999 4030 1050 4078 vi
1073 4030 1126 4077 in
1143 4030 1334 4078 Rheto-

317 4124 421 4157 rum
443 4108 654 4160 officinis
677 4111 894 4161 edoctus
914 4119 1004 4159 est.

457 4205 510 4274 Ῑ.
567 4222 664 4272 Cic.
671 4236 800 4291 pat-s
806 4217 987 4287 prima.

1496 2055 1575 2102 13.
1596 2054 1669 2100 De
1687 2068 1772 2110 eo,
1792 2053 1946 2118 quod.
1966 2053 2057 2102 «Si
2075 2051 2135 2101 de
2158 2069 2244 2112 eo,
2263 2049 2438 2116 quod»
2506 2087 2514 2094 -

1417 2131 1537 2180 Ald.
1556 2133 1715 2180 minus
1736 2142 1868 2195 epte.
1898 2134 2013 2181 Seu.

1494 2221 1577 2268 ιι.
1612 2210 1957 2260 Firmissimum
1986 2210 2079 2260 sibi
2107 2210 2439 2276 adjumentum

1407 2291 1704 2357 putaverint.
1726 2289 1921 2340 schiitz.
1942 2289 2069 2338 delet
2085 2290 2437 2357 adJ'umentum.

1417 2372 1596 2431 Abest,
1614 2372 1775 2435 inquit
1786 2406 1804 2429 ‚
1827 2387 1854 2418 s
1873 2372 2023 2420 Voss.
2044 2386 2139 2417 sec.
2157 2386 2248 2417 nec
2268 2370 2441 2435 legitur

1415 2452 1467 2499 iu
1493 2450 1609 2499 loco
1634 2450 1780 2498 simili
1801 2466 1881 2515 sp.
1904 2449 2012 2499 Cic.
2046 2448 2107 2496 de
2132 2450 2243 2495 Iuv.
2272 2449 2323 2508 1,
2354 2462 2435 2511 17.

1416 2558 1486 2568 —-
1509 2528 1801 2578 Putares-int.
1824 2529 1907 2579 Sic
1933 2528 2157 2577 dedimus
2180 2543 2275 2593 pro
2300 2538 2438 2593 puto·

1418 2620 1589 2673 vet-ripe
1640 2625 1667 2656 e
1720 2610 1847 2657 Mss
1890 2607 2117 2671 pluribus
2165 2608 2344 2655 nostris
2391 2619 2439 2657 et

1417 2688 1743 2753 Oudendorp.
1772 2688 1888 2736 edit.
1914 2695 2049 2749 1474
2073 2721 2089 2748 ,
2126 2688 2263 2736 med.
2293 2690 2435 2739 Juut.

1411 2768 1529 2817 Ald.
1552 2770 1681 2817 Eur.

1487 2864 1509 2895 1
1520 2847 1568 2895 5.
1587 2846 1665 2895 Ab
1677 2844 1944 2893 adversarii
1954 2846 2087 2894 dicto
2103 2848 2433 2895 exordiemur.

1411 2927 1505 2975 MS
1521 2926 1653 2990 Lips‚
1678 2925 1757 2973 ed.
1787 2931 1921 2985 1474
1944 2923 2243 2989 incipiemus,
2269 2926 2331 2973 ad
2350 2943 2435 2974 va-

1411 3004 1631 3053 riandam
1667 3004 1935 3052 orationem
1968 3018 2075 3050 non
2108 3002 2295 3067 inepte.
2335 3005 2431 3052 Sed

1415 3088 1552 3135 Junt.
1578 3105 1605 3124 α
1621 3080 1837 3130 exordiri
1854 3082 2119 3146 poterimus
2138 3102 2183 3127 »-
2211 3084 2339 3133 Eu.
2363 3110 2434 3121 -—-

1415 3164 1535 3213 Nou
1590 3162 1769 3209 insulsa
1824 3160 1943 3209 mihi
1988 3161 2186 3225 quidem
2240 3163 2435 3212 videtur

1415 3240 1635 3290 Juutiuae
1661 3240 1739 3288 ed.
1764 3240 1942 3297 lectio,
1984 3256 2094 3305 quse
2129 3256 2234 3289 non
2262 3242 2434 3303 jubet,

1416 3321 1505 3369 sed
1525 3329 1691 3370 monet
1712 3320 1875 3383 potius
1892 3321 1963 3367 sic
1980 3320 2132 3384 incipi
2148 3337 2313 3384 posse.

1494 3400 1576 3448 16.
1602 3399 1680 3447 Ab
1695 3396 1867 3463 aliqua
1886 3415 1936 3446 re
1951 3432 1967 3457 ,
1985 3414 2098 3463 qtaeoe
2115 3399 2263 3448 risum
2281 3418 2437 3451 move-

1416 3496 1472 3527 re
1500 3477 1655 3545 possit
1668 3514 1686 3541 ,
1714 3477 2041 3528 exordiemur.
2087 3478 2280 3531 Schiits.
2319 3483 2440 3530 inci-

1409 3558 1613 3622 piemus.
1672 3557 2017 3619 Eser-dietum,
2063 3558 2252 3623 inquit,
2300 3562 2436 3625 quod

1417 3637 1553 3685 abest
1569 3653 1596 3684 s
1616 3636 1764 3697 MSS,
1777 3635 1907 3683 Oud.
1928 3634 2081 3683 deleri
2098 3637 2449 3688 vultVerbum-

1421 3728 1582 3765 tsmeu
1613 3716 1697 3763 hic
1722 3716 1887 3763 abesse
1921 3716 2179 3763 commode
2213 3732 2316 3765 nou
2340 3736 2439 3783 po-

1420 3804 1531 3844 test.
1566 3795 1738 3857 Itaque
1768 3794 2098 3858 rescripsimus
2124 3794 2405 3859 incipiemus
2428 3834 2445 3857 ,

1422 3890 1527 3939 quo
1559 3874 1613 3921 in
1652 3872 1818 3921 eadem
1853 3888 1905 3921 re
1937 3874 2095 3920 utitur
2128 3874 2235 3925 Cic.
2264 3875 2327 3924 de
2361 3881 2445 3925 ln-

1421 3962 1557 4002 veut.
1595 3954 1641 4010 1,
1685 3967 1765 4013 17,
1802 3962 1929 4000 exn·-
1954 3978 2027 3989 ——-
2063 3952 2245 4001 Confer
2280 3964 2441 4003 totum

1425 4031 1486 4080 de
1523 4032 1623 4079 risu
1662 4030 1827 4079 locum
1864 4030 1916 4079 in
1952 4031 2172 4079 secundo
2206 4030 2269 4079 d‘e
2302 4034 2447 4085 om.

1425 4126 1535 4175 csp.
1556 4112 1740 4171 54-72.

2120 4230 2159 4272 ss
