2982 4682
460 388 601 463 510
736 386 832 455 M.
870 386 949 453 Τ.
1002 384 1173 453 cic.
1226 382 1353 449 DE
1401 380 1768 449 INVENT.
1821 382 1994 448 Lm.
2039 383 2140 467 11,
2192 374 2309 476 59.

462 530 725 609 genere
745 504 1263 601 intelligentur.
1294 508 1534 598 Atque
1565 503 1642 570 in
1669 496 1780 569 his
1801 508 1856 585 ²,
1879 499 1946 569 id
1971 555 1990 588 ,
2015 500 2218 599 quod
2245 502 2322 572 in
2351 504 2594 574 omnia

461 620 651 693 valet
672 672 693 704 ‚
732 614 967 687 valere
1008 611 1377 711 oportebit
1418 639 1433 681 :
1484 610 1843 682 contraria
1883 634 2182 708 quoque
2204 666 2224 700 ,
2264 610 2464 710 quae³
2521 627 2598 685 et

464 729 707 829 qualia
742 726 929 814 sint,
970 723 1485 820 intelligentur.

560 836 827 911 Videre
869 848 1111 905 autem
1160 837 1239 903 in
1291 831 1657 903 laudando
1697 846 1770 901 et
1817 831 2341 929 vituperando⁴
2383 856 2600 930 opor·

463 948 685 1032 tebit,
716 971 867 1017 non
907 959 1053 1015 tam
1083 967 1247 1041 quae
1279 946 1355 1012 iu
1394 966 1740 1039 corpore,
1778 943 2006 1011 autin
2043 938 2446 1012 extraneis-‚⁵
2485 966 2597 1013 re-

470 1060 607 1133 bus
650 1056 985 1129 habuerit
1026 1056 1085 1125 is
1108 1109 1127 1141 ,
1166 1052 1259 1123 de
1300 1078 1452 1149 quo
1488 1066 1764 1148 agetur,
1803 1072 2018 1148 quam
2053 1074 2205 1147 quo
2240 1066 2454 1149 paeto
2491 1050 2603 1122 bis

465 1168 687 1241 rebus
711 1190 885 1238 usus
918 1166 1030 1235 sit.
1056 1167 1238 1238 Nam
1267 1160 1636 1234 fortunam
1667 1160 1964 1258 quidem
1999 1158 2412 1246 etlaudare,
2439 1159 2604 1231 stul·

472 1281 623 1349 titia
649 1331 670 1364 ‚
726 1291 801 1348 et
852 1276 1294 1370 vituperare,
1352 1271 1691 1369 superbia
1741 1286 1884 1359 est3
1953 1272 2174 1341 animi
2228 1284 2472 1342 autem
2529 1283 2605 1341 et

472 1389 623 1461 laus
671 1386 973 1457 honesta
999 1438 1018 1469 ,
1054 1398 1126 1454 et
1162 1384 1599 1479 vituperatio
1643 1380 2035 1452 vehemens
2068 1395 2198 1452 est.

566 1502 777 1569 Nunc
812 1495 1163 1592 quoniam
1190 1516 1409 1564 omne
1430 1493 1508 1561 in
1541 1516 1766 1585 eausae
1803 1516 2030 1589 genus
2059 1488 2608 1588 argumentandi
2675 1524 2684 1531 ·

471 1608 655 1680 ratio
708 1606 969 1676 tradita
1023 1618 1165 1692 est,
1230 1603 1321 1675 de
1378 1602 1843 1687 Inventione,
1903 1602 2136 1699 prima
2179 1626 2260 1672 ac
2305 1605 2612 1672 maxima

474 1731 677 1814 parte
696 1713 1077 1785 rhetoricae
1096 1768 1115 1801 ,
1144 1714 1311 1785 satis
1339 1712 1616 1784 dictum
1643 1711 1950 1782 videtur.
1973 1714 2237 1802 Quare,
2265 1714 2610 1809 quoniam

475 1841 548 1898 et
592 1850 737 1896 una
774 1846 937 1921 pars
976 1822 1067 1893 ad
1105 1826 1381 1894 exitum
1418 1822 1618 1913 bunc
1663 1821 1754 1892 ab
1799 1824 2171 1918 superiore
2219 1820 2405 1892 libro
2443 1846 2612 1921 per-

479 1936 695 2008 ducta
712 1930 886 2021 est6,
916 1948 988 2005 et
1018 1934 1137 2003 hic
1168 1933 1354 2004 liber
1380 1958 1532 2003 non
1568 1956 1821 2031 parum
1854 1934 2177 2002 continet
2203 1931 2570 2003 literarum
2591 1986 2614 2018 ‚

476 2070 640 2145 quae
680 2057 990 2131 restant,
1027 2044 1103 2113 in
1136 2042 1434 2140 reliquis
1476 2041 1819 2114 dicemuS.

551 2246 603 2280 ο.
636 2225 801 2292 Atque
842 2228 895 2277 in
930 2226 1027 2278 lais.
1046 2264 1059 2277 .
1075 2225 1501 2291 ...intelligentam

481 2306 678 2358 Sehfitz.
708 2306 793 2358 dat
820 2330 846 2351 α
866 2310 1031 2372 Atque
1058 2306 1110 2354 in
1134 2306 1211 2354 his
1230 2340 1246 2368 ,
1279 2306 1332 2354 id
1367 2304 1506 2370 quod

482 2390 535 2436 iu
571 2389 733 2436 omnia
763 2387 921 2436 valere
956 2386 1233 2452 oportebit,
1264 2387 1506 2434 contraria

481 2466 1106 2532 quoque...intelligentur
1131 2488 1174 2514 ιι.
1218 2466 1389 2522 Valet,
1432 2466 1508 2512 in-

483 2547 593 2612 quit
606 2582 621 2603 ,
636 2558 767 2594 recte
789 2546 926 2593 abest
944 2563 971 2594 a
993 2545 1105 2594 cod.
1120 2543 1255 2594 Leid.
1274 2559 1302 2592 α
1318 2579 1334 2605 ,
1351 2559 1510 2608 eoque

485 2627 666 2675 omisso
693 2637 742 2672 et
776 2635 1017 2674 commate
1050 2635 1163 2690 post
1198 2623 1250 2670 id
1285 2623 1508 2681 sublato,

488 2705 627 2752 facile
654 2705 965 2769 perspicitur,
984 2703 1105 2768 quid
1126 2704 1215 2750 ista
1236 2701 1512 2767 parenthesi

488 2783 699 2850 scriptor
724 2782 1093 2847 significaverit,
1118 2797 1292 2846 nempe
1311 2798 1412 2829 non
1429 2781 1512 2829 hie

489 2867 675 2923 solum,
710 2864 797 2910 sed
838 2863 888 2910 in
929 2863 1037 2910 aliis
1076 2861 1305 2910 omnibus
1341 2862 1512 2923 rebus,

486 2942 633 2990 altera
670 2953 808 3006 parte
844 2940 1191 2990 contrariarum
1230 2957 1390 2989 rerum
1428 2945 1514 2989 ei·

488 3023 675 3085 posita,
700 3035 789 3084 per
811 3037 893 3078 se,
924 3035 1033 3084 que
1060 3021 1137 3068 bis
1164 3022 1410 3070 contraria
1437 3037 1516 3069 re-

490 3100 765 3163 spondeant
780 3133 795 3156 ‚
816 3109 864 3146 et
882 3099 1041 3164 qualia
1063 3101 1159 3147 sint
1176 3138 1193 3164 ,
1220 3101 1442 3165 intelligi.

565 3179 613 3226 3.
666 3179 791 3241 Quoe
837 3187 887 3224 et
940 3177 1135 3241 qualia.
1180 3179 1381 3228 Lallem.
1431 3177 1517 3226 dat

503 3277 526 3300 ι
544 3267 593 3305 et
621 3271 730 3320 quae
758 3267 807 3304 et
833 3256 990 3319 qualia
1012 3279 1057 3306 ¹·-

564 3343 616 3394 4.
639 3335 707 3382 Bt
727 3335 1074 3400 vituperando.
1103 3335 1300 3387 schiitz.
1324 3337 1512 3386 Ernest-

493 3438 517 3456 ιι
532 3425 583 3461 et
604 3416 657 3462 iu
684 3415 1009 3479 vituperando
1026 3438 1066 3464 u.

568 3494 617 3542 ⁵.
637 3496 696 3542 In
722 3495 973 3542 extraneis
996 3495 1154 3543 rebus.
1182 3493 1378 3543 Lallem.
1414 3517 1441 3537 α
1462 3495 1516 3544 in

494 3575 715 3622 extrariis
740 3574 885 3622 rebus
905 3596 947 3622 ιι.

564 3653 619 3700 6.
658 3653 745 3700 Aa
784 3653 971 3700 exitum
1009 3649 1136 3700 hunc
1176 3652 1239 3700 ab
1272 3653 1516 3716 superiore

495 3731 619 3780 libro
636 3732 877 3795 perducta
905 3743 977 3779 ese
992 3765 1008 3791 ,
1050 3741 1098 3779 et
1127 3729 1206 3779 lu'e
1233 3731 1353 3780 liber
1381 3749 1479 3781 non
1496 3768 1511 3790 ,

498 3821 597 3858 ete.
623 3811 804 3859 Nescio
830 3825 895 3858 an
922 3809 1021 3857 hoe
1050 3810 1163 3858 loeo
1192 3809 1336 3859 nimis
1357 3811 1518 3861 audax

1591 2228 1736 2275 fuerit
1757 2225 2046 2283 Lambinus3
2073 2224 2197 2274 illud
2221 2226 2340 2286 seio,
2358 2226 2478 2274 mihi
2495 2226 2616 2275 arri·

1594 2307 1708 2356 dere
1728 2306 2115 2356 emendationem
2142 2324 2286 2373 quam
2315 2307 2540 2356 exhibuit
2565 2308 2620 2356 in

1593 2389 1809 2450 margine
1838 2383 2066 2435 editioni·
2095 2401 2226 2435 suae:
2257 2403 2390 2434 «nnn
2417 2403 2527 2452 pars
2554 2387 2620 2436 ad

1595 2467 1810 2523 exitum,
1841 2467 1939 2514 hoc
1968 2477 2018 2514 et
2045 2468 2304 2530 superiore
2333 2466 2488 2528 libro,
2511 2482 2622 2530 per-

1598 2547 1740 2595 ducta
1761 2559 1834 2594 est
1853 2569 1896 2594 u.
1933 2547 2158 2596 Ceterum
2181 2547 2515 2594 Gothofredus
2536 2547 2621 2596 hie

1597 2627 1884 2686 annotavit,
1919 2625 2076 2698 videri
2113 2643 2174 2675 ex
2204 2625 2301 2674 hoe
2329 2625 2446 2675 loeo
2479 2641 2622 2690 posse

1600 2705 1764 2770 colligi
1780 2739 1794 2764 ‚
1821 2706 2108 2754 Ciceronem
2142 2704 2308 2770 plures
2343 2705 2404 2752 de
2440 2707 2624 2753 Invn-

1599 2788 1735 2834 tioue
1773 2784 1926 2832 libros
1955 2785 2219 2849 scripsisse.
2255 2784 2387 2832 Illud
2419 2784 2622 2848 quidem

1601 2881 1705 2914 non
1751 2875 1940 2913 tantum
1985 2865 2176 2926 jamdiu
2225 2864 2352 2912 inter
2405 2863 2625 2912 eruditos

1603 2954 1815 3002 constat,
1834 2943 1996 3008 plures
2015 2943 2160 2992 fuisse
2178 2943 2480 3008 perscriptos
2500 2960 2527 2991 a
2545 2943 2624 2991 Ci-

1603 3039 1779 3072 cerone
1829 3023 1983 3070 libros
2033 3021 2094 3071 de
2143 3024 2431 3071 Inventione
2455 3057 2472 3082 ,
2533 3021 2624 3070 sed

1603 3103 1748 3150 etiam
1794 3118 1880 3150 eos
1921 3102 2068 3150 fnisse
2105 3113 2332 3166 quatuor,
2375 3119 2404 3150 e
2445 3101 2624 3166 quibus

1603 3182 1729 3231 duos
1767 3181 2059 3245 posteriores
2101 3181 2244 3230 uobis
2291 3180 2626 3245 longinquitas

1603 3261 1836 3324 temporis
1857 3261 2184 3310 invidet.Vid.
2195 3263 2339 3310 Voss.
2358 3259 2418 3309 de
2435 3259 2624 3308 Natura

1601 3340 1749 3390 Rhet.
1771 3357 1880 3404 cap.
1896 3341 1953 3387 13
1965 3376 1978 3388 .
1991 3343 2222 3389 Vsnu.—
2231 3341 2412 3390 Contra
2431 3341 2626 3388 Ernesti

1603 3430 1766 3468 censet
1790 3436 1891 3468 non
1929 3421 2242 3469 neeessariam
2273 3437 2375 3468 esse
2406 3419 2626 3468 Lambini

1603 3500 1987 3548 emendationem
2019 3516 2033 3551 :
2075 3515 2248 3564 nempe
2284 3497 2429 3548 verba
2467 3499 2626 3548 «inde

1603 3579 1667 3627 ab
1699 3579 1946 3644 superiore
1969 3578 2139 3628 libro·
2171 3578 2380 3642 intelligi
2414 3576 2624 3636 debere,

1605 3658 1709 3706 soil.
1748 3657 1889 3706 initio
1927 3658 2056 3706 facto
2087 3659 2140 3706 in
2177 3659 2427 3723 superiore
2462 3655 2626 3712 libro,

1603 3753 1736 3784 nunc
1762 3737 1933 3786 addito
1959 3737 2112 3785 altero
2138 3737 2202 3786 ud
2221 3735 2370 3786 finem
2391 3735 2626 3801 perducta

1605 3823 1692 3868 est.
1713 3815 2035 3879 Ernestioque
2061 3813 2278 3864 Clericus
2301 3814 2574 3864 ementitur.

1318 3999 1326 4002 -
1361 3985 1856 4014 ——eoa———q
