2982 4682
580 384 721 461 586
1266 393 1363 461 M.
1417 394 1496 459 T.
1550 393 2033 463 CICERONIS

577 510 763 582 facta
788 513 942 582 sine
967 514 1248 583 ratione
1275 528 1446 583 sunt
1465 566 1485 601 ‚
1506 538 1591 585 ea
1615 512 2112 585 defensionem
2136 528 2384 584 contra
2403 516 2662 605 crimen
2679 572 2698 598 ‚

577 622 652 691 in
679 621 1011 719 legitimis
1025 622 1346 717 judiciis,
1385 648 1536 694 non
1560 623 1866 709 habent,
1899 629 1972 694 in
1995 622 2236 694 liberis
2253 624 2694 722 disceptatio-

575 731 792 803 nibus
828 730 1096 804 habere
1143 752 1467 830 possunt.
1507 738 1664 806 Hoc
1697 738 1774 805 in
1806 758 2105 831 genere,
2143 736 2218 805 in
2257 760 2444 832 quo,
2491 736 2696 832 quale

572 844 701 927 sit,
759 844 1138 941 quaeritur,
1202 869 1287 915 ex
1340 848 1828 917 controversia
1854 858 1911 931 9,
1948 845 2152 939 jure,
2207 860 2280 917 et
2333 856 2696 917 rectene¹⁰

572 969 813 1024 actum
856 957 985 1042 sit,
1056 956 1281 1050 quaeri
1333 955 1570 1027 solet:
1632 980 1948 1054 quorum
1987 953 2379 1053 disputatio
2403 980 2489 1027 ex
2515 956 2694 1027 loco-

572 1088 735 1137 rum
782 1063 1269 1162 descriptione
1310 1066 1665 1137 sumenda
1705 1079 1835 1137 est.

668 1174 883 1271 (xm.)
898 1178 976 1246 C.
1006 1179 1077 1245 F.
1106 1177 1345 1272 Agesis
1368 1200 1580 1273 ergo,
1611 1176 1955 1273 quoniam
1975 1176 2051 1244 in
2081 1171 2694 1244 confirmationem

572 1306 645 1361 et
668 1288 1307 1388 reprehensionem
1323 1288 1663 1361 diviseras
1689 1289 2038 1361 orationis
2055 1286 2272 1358 fidem
2289 1341 2309 1373 ‚
2331 1300 2405 1357 et
2427 1288 2690 1357 dictum

572 1400 663 1471 de
692 1399 919 1471 altero
946 1413 1086 1471 est:
1116 1424 1400 1497 expone
1422 1424 1620 1470 nunc
1648 1399 1739 1471 de
1769 1396 2394 1497 reprehendendo.
2416 1400 2685 1469 ——C.P.

572 1514 717 1581 Aut
752 1524 987 1580 totum
1040 1522 1150 1580 est
1208 1509 1660 1605 negandum,
1710 1510 1908 1606 quod
1961 1511 2036 1579 in
2092 1507 2700 1604 argumentatione

566 1618 1010 1691 adversarius
1044 1620 1466 1717 sumpserit,
1486 1621 1546 1690 si
1562 1619 1814 1691 fictum
1843 1634 1973 1691 aut
2005 1616 2266 1690 falsum
2293 1638 2446 1689 esse
2475 1617 2694 1715 possis

568 1728 863 1817 docere;
917 1741 1042 1801 aut
1082 1728 1584 1827 redarguenda
1637 1754 1718 1801 ea
1745 1784 1766 1818 ,
1811 1754 1972 1827 quae
2025 1754 2160 1827 pro
2207 1724 2703 1799 verisimilibus

564 1851 855 1935 sumpta
896 1839 1112 1908 sint¹¹
1151 1864 1171 1925 ξ
1208 1843 1526 1936 primum
1563 1839 1783 1911 dubia
1814 1854 2099 1936 sumpta
2135 1859 2290 1909 esse
2306 1861 2440 1934 pro
2457 1840 2698 1920 certis;

566 1944 829 2017 deinde
888 1949 1101 2018 etiam
1154 1950 1231 2018 in
1274 1954 1655 2046 perspicue
1719 1948 1912 2021 falsis
1963 1949 2216 2021 eadem
2255 1973 2466 2047 posse
2509 1946 2696 2033 dici;

566 2072 723 2127 tum
760 2083 850 2129 ex
885 2058 1004 2148 iis,
1064 2084 1223 2155 quae
1269 2061 1692 2158 sumpserit,
1737 2086 1886 2130 non
1923 2058 2144 2141 effici,
2187 2057 2386 2156 quod
2430 2059 2694 2128 velit¹².

563 2165 925 2238 Accedere
979 2182 1221 2238 autem
1279 2183 1572 2268 oportet
1628 2168 1716 2240 ad
1769 2164 2172 2266 singula¹³;
2221 2169 2324 2239 sic
2369 2169 2700 2239 universa

564 2274 1012 2374 frangentur.
1047 2277 1700 2350 Commemoranda
1729 2293 1900 2352 sunt
1923 2279 2136 2351 etiam
2174 2279 2520 2377 exempla,
2533 2280 2698 2376 qui-

561 2385 704 2458 bus
721 2387 932 2457 simili
962 2389 1037 2458 in
1054 2388 1543 2486 disputatione
1569 2389 1924 2461 creditum
1945 2414 2094 2460 non
2114 2395 2204 2461 sit
2219 2415 2238 2476 ;
2253 2413 2701 2486 conqueren-

564 2497 653 2569 da
671 2501 729 2548 ¹⁴
748 2498 1067 2570 conditio
1097 2503 1502 2570 communis
1528 2501 1874 2599 periculi,
1902 2503 1959 2571 si
1992 2502 2296 2597 ingeniis
2316 2500 2692 2571 hominum

563 2610 1115 2680 criminosorum
1162 2614 1253 2680 sit
1290 2616 1612 2707 exposita
1649 2613 1793 2682 vita
1831 2611 2356 2681 innocentium.

660 2723 847 2788 XIII.
878 2718 1080 2812 (xiv.)
1114 2725 1189 2791 C.
1228 2725 1301 2790 F.
1338 2723 1703 2812 Quoniam
1744 2721 1940 2792 unde
1975 2724 2498 2805 inveniantur-¹,
2532 2741 2700 2814 quar.

564 2826 655 2898 ad
691 2826 907 2899 fidem
960 2830 1409 2925 pertinent²‚
1452 2831 1729 2920 habeo,
1789 2829 2406 2929 quemadmodum
2457 2830 2528 2900 in
2585 2829 2700 2900 di-

634 3076 687 3124 9.
713 3063 798 3108 Ex
824 3061 1170 3110 controversia.
1196 3063 1303 3110 Hoc
1330 3061 1586 3111 Schiitzins
1673 3063 1935 3126 sumpserit
2078 3078 2187 3126 qnae
2221 3061 2375 3109 velint
2392 3082 2430 3110 ι.
2475 3063 2700 3109 Ειιιετ.

564 3139 722 3200 delet,
751 3151 805 3188 ut
839 3143 1087 3204 ineptum,
1119 3143 1424 3208 conseri-ique
1446 3141 1589 3204 jubet
1753 3145 1835 3192 13.
1855 3142 2098 3190 Accedere
2119 3151 2282 3189 autem
2300 3157 2381 3205 op.
2398 3139 2701 3205 adsingula.

565 3217 628 3268 de
652 3221 789 3268 Orat.
809 3221 875 3282 11,
897 3221 979 3269 26.
1677 3220 1934 3270 Sebiitzins
1961 3223 2044 3270 dat
2070 3245 2096 3265 ιι
2115 3221 2335 3270 accidere
2361 3230 2519 3268 autem
2537 3233 2698 3282 opor-

640 3315 717 3348 xo.
748 3301 814 3347 Ee
837 3313 1047 3348 rectene.
1067 3298 1320 3349 Schiitzius
1340 3325 1365 3343 α
1384 3311 1433 3348 et
1453 3310 1586 3348 recte

562 3394 773 3437 necne»,
787 3380 923 3442 quod
943 3381 1123 3444 reperit
1136 3381 1189 3427 in
1204 3379 1365 3429 Guelf.
1385 3397 1412 3428 a
1435 3396 1584 3427 mann

565 3457 879 3506 correctoris.

638 3554 658 3586 ι
675 3553 695 3584 ι
707 3540 929 3602 ,Sumpta
938 3538 1186 3601 sine.Qnia
1200 3549 1310 3586 ante
1324 3547 1398 3586 eet
1418 3537 1583 3601 «quod

561 3618 883 3680 sumpserit-2,
924 3617 1006 3666 hic
1045 3634 1243 3682 qnoque
1270 3618 1584 3666 scribendum

560 3707 633 3744 est
653 3696 753 3743 sint
772 3713 875 3744 non
898 3707 1038 3754 sunt,
1074 3707 1129 3744 ut
1151 3697 1317 3761 vulgO.
1352 3700 1476 3745 Ean.
1513 3723 1585 3734 —·

559 3777 710 3841 Quod
728 3777 775 3825 h.
790 3775 824 3823 l.
835 3774 1112 3823 brevissime
1132 3775 1192 3823 de
1208 3775 1585 3842 reprehensione

558 3858 773 3921 attingit,
794 3873 848 3904 ea
868 3857 1119 3920 ampliavit
1146 3859 1253 3906 Inv.
1272 3859 1296 3904 1
1314 3892 1329 3917 ,
1357 3865 1441 3913 42.

631 3952 712 3983 ια.
741 3937 861 4000 Qun.-
894 3933 1149 3998 sumpserit
1174 3971 1214 3984 ..
1231 3972 1243 3984 .
1274 3935 1411 3999 quod
1439 3935 1576 3983 velie.

562 4013 640 4062 Sic
658 4014 886 4078 rescripsi
904 4031 931 4062 e
948 4015 1039 4064 MS
1065 4015 1125 4063 F..
1148 4025 1195 4062 et
1218 4015 1297 4063 ed.
1319 4017 1447 4063 Ven.
1467 4031 1579 4062 nam

560 4092 766 4139 refertur
788 4092 852 4141 ad
882 4094 1221 4152 adversarium,
1256 4104 1307 4143 et
1334 4095 1469 4163 quod
1488 4109 1581 4160 pro

561 4183 671 4230 qeeoe
696 4185 755 4217 ex
778 4171 949 4220 eodem
972 4175 1075 4222 MS.
1096 4174 1260 4236 Vulgo
1282 4184 1410 4236 erat,
1432 4197 1455 4216 ιι
1474 4188 1584 4236 quae

1678 3311 1747 3348 tet
1781 3301 1968 3365 singula
1995 3321 2015 3342 ι
2043 3317 2106 3348 ex
2127 3299 2206 3347 ed.
2229 3299 2430 3348 Omnib.
2450 3296 2584 3344 Καὶ).
2607 3297 2704 3344 Ni-

1671 3379 1846 3427 mirum
1863 3415 1876 3434 .
1905 3380 2082 3442 inquit,
2095 3379 2271 3428 Cicero
2298 3395 2327 3425 a
2350 3376 2580 3425 fasciculo
2607 3375 2699 3422 ba-

1671 3459 1896 3506 culorum
1919 3459 2176 3522 imaginem
2197 3467 2439 3505 mutuatus
2456 3467 2543 3512 est,
2565 3470 2702 3518 quoe

1671 3537 1712 3584 si
1753 3537 1972 3602 singulos
2018 3537 2252 3584 accideris
2266 3571 2280 3594 ,
2315 3535 2393 3582 vel
2429 3533 2698 3592 incideris,

1673 3617 1816 3664 facile
1837 3617 1992 3681 possis
2009 3616 2264 3663 universos
2289 3615 2520 3676 frangere.

1751 3713 1768 3742 ι
1783 3704 1830 3751 4.
1861 3693 2228 3759 Conquerenda.
2257 3691 2349 3740 Ed.
2369 3689 2501 3739 Kob.
2545 3712 2569 3732 e
2589 3701 2702 3737 tum

1674 3774 1917 3838 querenda
1941 3797 1980 3823 a.
2009 3773 2284 3822 Sem—De
2307 3788 2358 3818 re
2383 3771 2446 3817 cf.
2469 3772 2702 3818 Herenn-

1673 3855 1782 3912 111,
1809 3855 2030 3914 1331nv.
2057 3855 2113 3908 1,
2140 3853 2224 3900 52.

1744 3933 1884 3982 xlv.
1903 3949 1946 3980 1.
1975 3934 2075 3982 Ino.
2097 3931 2212 3980 Sch.
2233 3929 2352 3977 Lan.
2371 3926 2709 3975 ino-enitentur..

1743 4029 1792 4060 α.
1809 4012 1929 4075 Qua·
1946 4010 2174 4074 adfidem
2187 4007 2447 4074 pertinent.
2467 4005 2706 4056 EdNen,

1670 4091 1906 4152 ateae'nene,
1935 4090 2073 4154 qnod
2105 4105 2266 4138 verum
2301 4087 2534 4135 videtur:
2575 4101 2706 4132 nem

1671 4180 1720 4218 et
1759 4169 1876 4218 alibi
1913 4172 2028 4219 huic
2065 4169 2190 4218 illud
2239 4167 2554 4216 substitutum
2601 4175 2710 4212 ent.
