2982 4682
492 361 634 436 516
1176 362 1271 434 Μ.
1324 364 1399 434 Τ.
1454 366 1943 437 CICERONIS

490 489 753 561 laboris
784 490 929 558 mei
968 510 1177 558 causa
1195 482 1248 572 ⁵,
1272 510 1488 583 quam
1529 485 1728 583 quod
1759 486 1832 556 id
1863 501 1986 557 tua
2021 484 2414 559 interesse⁶
2441 486 2631 559 arbi-

494 617 743 687 trarer,
784 596 897 669 vel
944 611 1026 667 ut
1062 620 1185 667 eos
1225 620 1357 693 per
1404 610 1475 667 te
1526 600 1680 694 ipse
1721 596 2034 693 legereS‚
2099 597 2214 667 vel
2262 612 2346 668 ut
2393 612 2622 669 totam

490 714 843 780 rationem
906 730 945 777 a
1005 705 1419 777 doctissimo
1481 704 1798 803 quodam
1857 707 2156 797 ,rhetore
2219 710 2578 807 acciperes
2601 765 2624 795 ,

490 818 819 889 hortatus
862 840 1091 888 essem
1135 840 1149 884 τ
1204 828 1640 913 utrumque,
1695 831 1776 887 ut
1821 842 1910 889 ex
1959 832 2030 888 te
2071 816 2448 888 audiebam
2477 874 2498 904 ,
2542 844 2623 891 es

484 944 849 1027 expertus.
900 925 1040 997 Sed
1078 950 1119 996 a
1172 923 1375 996 libris
1414 939 1482 995 te
1531 924 1930 997 obscuritas
1972 928 2283 1022 rejecitv.
2323 927 2624 999 'Rhetor-

480 1054 723 1111 eutem
760 1036 879 1109 ille
926 1058 1268 1133 magum,
1312 1032 1506 1120 haec,
1549 1049 1631 1105 ut
1674 1038 1938 1132 opinor
1958 1030 2011 1123 ⁸,
2052 1036 2494 1107 Aristotelica
2539 1061 2620 1107 se

480 1152 814 1247 ignorare
852 1143 1251 1245 respondit.
1301 1142 1517 1233 Quod
1551 1146 1847 1242 quidem
1879 1145 2173 1215 minime
2207 1168 2364 1216 sum
2407 1144 2618 1215 admi·

478 1276 677 1331 ratus
701 1313 721 1345 ‚
758 1282 922 1329 eum
956 1254 1475 1355 philosophum
1513 1255 1796 1326 rhetori
1825 1281 1975 1325 non
2018 1280 2170 1327 esse
2209 1258 2616 1351 cognitum,

479 1373 605 1469 qui
648 1368 738 1440 ab
784 1368 957 1465 ipsis
1014 1362 1514 1463 philosophi5‚
1564 1380 1823 1461 praeter
1872 1363 2265 1435 admodum
2310 1388 2615 1461 paucOS,

473 1485 905 1579 ignoreturv.
941 1474 1226 1566 Quibus
1260 1498 1349 1545 eo
1386 1476 1630 1545 minus
1668 1474 2187 1572 ignoscendum
2225 1488 2369 1562 est,
2412 1474 2614 1573 quod

474 1614 625 1661 non
672 1584 891 1657 modo
934 1583 1156 1655 rebus
1212 1584 1339 1669 iis,
1405 1609 1568 1681 quae
1618 1583 1711 1655 ab
1757 1584 1885 1655 illo
1943 1584 2145 1655 dictae
2190 1600 2262 1657 et
2303 1586 2612 1655 inventae

474 1711 677 1785 sunt,
706 1696 892 1767 allici
920 1693 1369 1781 debuerunt,
1397 1694 1526 1767 sed
1559 1694 1850 1767 dicendi
1876 1719 2173 1793 quoque
2204 1694 2614 1773 incredibili

472 1812 783 1910 quadam
822 1834 1053 1907 quum
1088 1810 1335 1907 copia,
1364 1823 1520 1881 tum
1559 1811 1774 1881 etiam
1811 1812 2177 1881 suavitate.
2207 1812 2370 1881 Non
2403 1812 2612 1906 potui

467 1922 684 2018 igitur
720 1918 907 2027 tibi,⁸
932 1922 1187 2015 saepius
1226 1916 1369 1989 hoc
1404 1922 1728 2016 roganti,
1761 1935 1832 1990 et
1876 1935 2116 1991 tamen
2156 1922 2474 2005 verenti,
2513 1946 2610 1991 ne

468 2030 643 2101 mihi
680 2030 911 2127 gravis
948 2054 1139 2100 esses
1174 2027 1425 2120 (facile
1464 2031 1660 2100 enim
1697 2028 1772 2099 id
1815 2028 2298 2123 cernebam),
2337 2028 2610 2102 debere

466 2140 771 2226 diutiuS,
792 2164 884 2210 ne
917 2141 1054 2236 ipsi
1066 2140 1249 2233 juris
1272 2128 1644 2237 interpreti
1671 2137 1829 2219 fieri
1853 2140 2215 2210 videretur
2243 2140 2607 2235 injuriam.

465 2252 755 2323 Etenim
796 2274 1033 2348 quum
1075 2263 1151 2319 tu
1190 2248 1369 2319 mihi
1416 2249 1738 2348 meisque
1779 2250 2008 2321 multa
2059 2273 2246 2349 saepe
2291 2251 2610 2350 scripsis-

464 2370 681 2449 ses11,
706 2361 979 2431 veritus
1016 2383 1214 2446 sum,
1254 2383 1345 2429 ne
1369 2413 1389 2447 ,
1422 2361 1483 2429 si
1527 2385 1663 2457 ego
1691 2383 2048 2456 gravarer,
2079 2377 2205 2432 aut
2241 2363 2606 2456 ingratum

465 2469 575 2559 id,
626 2484 753 2541 aut
796 2467 1198 2567 superbum
1244 2468 1630 2539 videretur.
1671 2468 1849 2557 Sed,
1893 2469 2069 2542 dum
2113 2468 2379 2542 fuimus
2416 2495 2604 2556 una,

534 2686 583 2734 5.
616 2682 822 2732 Vicandt'
845 2681 1022 2731 laboris
1047 2681 1145 2731 mei
1168 2698 1335 2732 causo.
1366 2681 1483 2732 Rit-

460 2764 714 2830 torpiauus
739 2763 863 2810 liber
890 2761 1069 2823 abjecit
1090 2777 1243 2808 causa
1262 2778 1280 2808 :
1300 2773 1349 2810 et
1369 2777 1484 2810 vero

456 2844 499 2891 ei
518 2844 750 2891 attentius
770 2841 901 2904 legas
916 2875 931 2899 ‚
958 2840 1265 2902 adjectitium
1290 2839 1479 2889 videbi·

455 2934 566 2973 tur:
588 2931 637 2970 et
660 2937 789 2984 προ
816 2936 875 2968 eo
902 2920 1053 2967 modo
1076 2920 1262 2980 Latini,
1282 2921 1482 2986 ipeeque

455 3001 645 3051 Cicero.
676 3003 846 3050 Gau-r.

528 3079 577 3129 6.
600 3081 763 3144 'Quam
782 3077 993 3142 quodid
1014 3089 1100 3126 tua
1124 3080 1371 3128 interesse.
1406 3082 1480 3128 Ita

454 3157 581 3208 MSS
611 3157 796 3215 nostri,
822 3166 877 3205 ut
914 3169 965 3206 et
1000 3174 1121 3205 mox
1156 3174 1170 3206 a
1216 3159 1365 3206 «hnc
1382 3191 1401 3218 ,
1427 3170 1483 3207 ut

457 3239 668 3302 opinor,
715 3237 1031 3285 Aristotelica
1048 3259 1073 3279 n·
1091 3273 1105 3295 ‚
1158 3237 1246 3285 ubi
1297 3239 1484 3298 adjecta

454 3315 692 3380 particule
731 3311 931 3363 mirifice
966 3317 1196 3380 exprimit
1232 3315 1483 3364 fastidium

451 3395 673 3445 rhetoris.
704 3395 869 3442 Gur-r.

526 3489 574 3534 7»
606 3476 669 3520 Te
694 3472 963 3520 obscuritas
982 3471 1162 3537 rejecit.
1180 3473 1350 3521 Refert
1370 3476 1478 3521 Au·-

447 3550 528 3600 lue
552 3551 741 3600 Gellius
756 3586 770 3609 ‚
804 3551 893 3600 lib.
916 3553 1019 3600 XX
1036 3585 1052 3610 ‚
1094 3569 1205 3618 cap.
1227 3555 1258 3601 5
1274 3587 1289 3611 ‚
1324 3568 1475 3616 quum

444 3631 728 3679 Alexander
751 3633 961 3694 Magnus
982 3647 1108 3694 tegre
1126 3633 1313 3680 videret
1340 3648 1470 3680 non·

444 3706 576 3756 nulle
596 3708 872 3757 Aristotelis
900 3725 1047 3773 opera
1074 3710 1127 3757 in
1153 3711 1289 3774 vulgi
1314 3715 1470 3760 mani-

442 3786 537 3835 bn·
571 3799 757 3836 versata
774 3821 787 3846 ,
823 3787 1133 3836 Aristotelem
1168 3791 1270 3853 regi
1306 3793 1471 3839 rescri-

439 3865 620 3928 psisse,
636 3865 744 3913 hae
766 3881 913 3930 opera
938 3883 965 3914 a
984 3865 1131 3914 nullis
1148 3883 1261 3915 vere
1282 3869 1469 3934 percipi

439 3952 586 4006 atque
621 3943 827 4008 intelligi
870 3960 1041 4010 poteo,
1076 3945 1168 3992 nisi
1196 3943 1257 3993 ab
1285 3947 1345 3994 iis
1380 3949 1467 4012 qui

438 4017 601 4081 ipsum
644 4023 955 4070 Aristotelem
1004 4023 1057 4070 in
1106 4025 1273 4072 schola
1326 4025 1465 4076 audi-

438 4109 639 4146 vincat.

1649 2684 1695 2732 8.
1735 2681 2128 2742 melonum,
2171 2696 2228 2732 m
2259 2683 2464 2750 opinor,
2503 2697 2600 2734 etc.

1574 2761 1690 2812 Scil.
1717 2779 1861 2826 quem
1883 2761 2138 2812 Trebatius
2164 2761 2499 2824 consuluerat,
2537 2761 2605 2814 de

1573 2841 1783 2890 consilio
1803 2843 2069 2891 Ciceronis.
2093 2845 2214 2890 Hoec
2235 2843 2374 2892 obest
2391 2845 2454 2891 ab
2475 2843 2601 2894 edit.

1569 2921 1697 2970 Ven.
1731 2931 1782 2968 et
1820 2923 2077 2970 commode
2111 2921 2336 2972 abfuerit.
2377 2925 2502 2972 En.
2530 2951 2602 2960 ——

1571 2997 1828 3048 Schiitziue
1855 3003 1974 3051 dat:
2013 3003 2243 3050 «Rhetor
2286 3015 2445 3051 autem
2489 3002 2600 3064 ille,

1569 3095 1772 3143 magnus
1799 3091 1853 3128 ut
1875 3081 2078 3144 opinor,
2103 3081 2210 3130 hec
2233 3082 2384 3130 Arist.
2402 3103 2428 3123 ι·

1645 3175 1696 3222 9.
1733 3161 2013 3223 Ignoretur.
2051 3161 2166 3209 Em.
2203 3159 2373 3207 scribit
2418 3183 2442 3201 ι
2461 3161 2602 3223 igno-

1573 3247 1830 3299 raretur»,
1870 3239 1984 3302 quie
2035 3238 2219 3303 pendet
2268 3254 2297 3285 ι
2347 3239 2596 3302 perfeeto,

1572 3337 1598 3357 οι
1617 3318 1870 3379 cognitum
1889 3334 1992 3366 ene
2011 3339 2052 3365 n.

1647 3409 1727 3442 10.
1752 3394 1965 3444 Vide-ree.
1989 3394 2184 3460 insui-ia.
2205 3395 2296 3444 MS
2321 3409 2447 3444 unm
2477 3396 2597 3442 «vi-

1571 3473 1795 3522 deremur
1829 3471 1996 3534 i'njtirii
2016 3495 2061 3521 n.

1643 3569 1664 3600 1
1677 3567 1698 3600 ι
1709 3589 1723 3603 .
1741 3555 1879 3618 Soepe
1898 3552 2178 3618 scriptisses.
2199 3553 2291 3600 MS
2309 3555 2370 3601 V.
2381 3553 2593 3606 ed.Veu.

1561 3632 1700 3680 Med.
1725 3633 1838 3682 Ald.
1863 3643 1957 3682 etc.
1981 3633 2164 3681 habent
2190 3633 2422 3690 cavisses,
2454 3633 2592 3696 quod

1559 3711 1734 3759 eodem
1773 3711 1931 3768 redit,
1965 3712 2053 3760 sed
2087 3725 2162 3760 eet
2198 3713 2374 3775 glossa.
2415 3713 2591 3761 Cicero

1561 3791 1787 3838 consulto
1809 3791 1943 3839 dedit
1957 3791 2243 3856 scripsisses,
2257 3792 2373 3855 quin
2391 3804 2596 3854 reupon-

1559 3870 1642 3918 det
1683 3869 1868 3917 melius·
1905 3871 1992 3918 rei.
2039 3871 2215 3920 Cicero
2263 3884 2364 3918 nou
2401 3881 2590 3918 recuset

1557 3948 1769 3997 scribere
1809 3951 1996 4013 Topica
2026 3950 2282 4008 Trebatio,
2327 3949 2442 4013 quia
2468 3950 2586 3997 Tre-

1553 4026 1716 4075 batin-
1747 4043 1875 4093 saepe
1909 4029 2160 4078 Ciceroni·
2193 4042 2334 4077 mula
2367 4029 2582 4092 scripsit.

1547 4106 1660 4154 Vid.
1721 4106 1896 4154 Victor
1929 4107 1993 4156 ad
2028 4109 2132 4160 Cic.
2173 4108 2324 4170 Epist.
2366 4107 2428 4155 ad
2476 4107 2594 4154 niv·
