2982 4682
768 347 896 418 AD
944 345 1546 432 HERENNIUM,
1588 349 1857 420 LIBER
1890 350 2017 431 IV,
2071 344 2187 418 36.
2404 346 2543 420 235

409 467 688 542 diluere
735 485 808 542 et
849 470 1316 568 propulsat-<³3
1369 473 1573 542 testis
1614 486 1758 560 est,
1798 472 2071 560 dicere,
2126 495 2289 568 quae
2320 472 2538 558 sciat,

409 594 537 652 aut
585 577 936 667 audierit3
971 579 1372 678 quaeitoris
1423 596 1535 652 est
1558 635 1579 670 ,
1610 605 2215 679 unumquemque
2272 580 2541 652 horum

410 692 488 762 in
525 687 771 762 officio
806 714 940 762 suo
977 691 1372 762 continere.
1399 693 1691 781 Quare,
1724 698 1801 764 Ι..
1844 693 2039 764 Cassi
2055 701 2114 780 7,
2156 691 2219 762 si
2249 705 2543 774 testem,

411 815 890 898 praeterquam
920 799 1120 898 quod
1158 802 1363 887 sciat,
1407 818 1535 874 aut
1566 803 1887 890 audierit,
1912 802 2435 900 argumentari,
2466 818 2543 873 et

409 910 826 1004 conjectura
861 915 1204 1009 prosequi
1226 913 1553 1008 patieris;
1584 913 1695 1009 jus
1720 913 2157 986 accusatoris
2184 933 2354 982 cum
2374 911 2541 1005 jure

409 1022 805 1092 testimonii
855 1020 1360 1093 commiscebis
1379 1076 1398 1109 ,
1456 1025 1651 1095 testis
1698 1022 2015 1122 improbi
2073 1022 2536 1120 cupiditatem

408 1125 903 1215 confirmabiS,
935 1155 1064 1205 reo
1102 1131 1466 1230 duplicem
1508 1133 1997 1206 defensionem
2034 1131 2317 1231 parabis
2331 1162 2387 1202 n.
2416 1136 2543 1204 Est

407 1239 560 1311 haec
611 1243 990 1312 exornatio
1044 1245 1366 1339 copiosa.
1437 1244 2005 1344 comprehendit
2074 1246 2271 1314 enim
2333 1241 2536 1314 brevi

405 1349 665 1438 multa,
716 1364 793 1421 et
829 1375 1045 1422 suum
1083 1354 1350 1450 cuique
1393 1354 1717 1428 tribuens
1756 1353 2111 1441 officium,
2150 1355 2533 1452 separatim

405 1481 522 1530 res
557 1457 816 1531 dividit
860 1460 1124 1558 plures.

501 1573 824 1642 xxxvl.
852 1580 1154 1670 (xxxvi.)
1175 1576 1496 1650 Licentia
1528 1591 1635 1647 est
1648 1589 1693 1665 ²,
1716 1601 1945 1675 quum
1974 1574 2165 1674 apud
2190 1598 2539 1672 eosquos

403 1695 530 1750 aut
561 1683 797 1753 vereri
818 1736 839 1771 ,
865 1697 994 1754 aut
1017 1697 1346 1758 metuere
1383 1685 1731 1760 debemus
1751 1741 1771 1772 ,
1810 1703 2051 1759 tamen
2088 1685 2367 1783 aliquid
2397 1709 2534 1784 pro

403 1791 568 1884 jure
606 1809 859 1865 nostro
900 1794 1237 1884 dicimus,
1289 1799 1493 1895 quod
1530 1824 1655 1870 eos
1685 1801 1979 1870 minime
2014 1797 2373 1884 offendat,
2413 1811 2537 1868 aut

403 1923 592 1995 quos
635 1903 684 1971 ii
729 1899 1036 2001 diligunt
1053 1917 1108 1992 ²,
1153 1932 1380 2004 quum
1423 1911 1500 1979 in
1538 1909 1777 2006 aliquo
1812 1922 2051 1981 errato
2085 1933 2251 1979 vere
2286 1931 2535 2005 repre·
2644 1979 2653 1986 .

405 2008 628 2081 hendi
671 2035 886 2108 posse
929 2015 1344 2106 videantur,
1383 2019 1527 2091 hoc
1570 2020 1824 2092 modo:
1862 2049 1896 2086 «
1921 2019 2316 2104 Miramini,
2362 2021 2535 2109 Qui·

399 2119 609 2206 rites,
641 2121 840 2216 quod
879 2122 973 2194 ab
1010 2126 1356 2199 omnibus
1393 2145 1645 2201 vestrae
1676 2125 2031 2204 rationes³
2066 2127 2535 2200 deserantur?

399 2229 600 2326 quod
635 2255 920 2304 causam
956 2251 1267 2308 vestram
1303 2264 1521 2312 nemo
1549 2244 1933 2340 suscipiat?
1968 2239 2168 2338 quod
2208 2263 2285 2312 se
2312 2263 2532 2310 nemo

399 2343 614 2413 vestri
651 2341 1102 2418 defensorem
1146 2350 1619 2448 profiteatur?
1652 2354 1729 2425 Id
1759 2352 2057 2425 tribuite
2088 2364 2339 2422 vestrae
2379 2349 2528 2420 cul-

400 2472 540 2545 ραις
569 2467 792 2550 atque
829 2454 1132 2530 desinite
1175 2464 1440 2532 mirari.
1481 2463 1673 2553 Quid
1710 2467 1899 2535 enim
1939 2478 2047 2534 est
2070 2516 2089 2548 ,
2122 2484 2347 2558 quare
2378 2484 2531 2530 non

399 2584 652 2634 omnes
687 2565 897 2635 istam
930 2569 1136 2639 rem'4
1180 2568 1428 2669 fugere
1467 2598 1551 2643 ac
1597 2578 1814 2646 vitare
1864 2572 2224 2645 debeant?
2259 2574 2529 2641 Recor-

398 2667 702 2759 damini,
761 2699 950 2772 quos
1013 2678 1410 2754 habueritis
1473 2682 1916 2765 defensores;
1974 2681 2211 2753 studia
2269 2702 2527 2751 eorum

397 2778 600 2851 vobis
638 2798 806 2855 ante
855 2786 1106 2859 oculos
1145 2790 1613 2888 proponite⁵;
1652 2792 1909 2865 deinde
1936 2796 2172 2863 exitus
2197 2791 2526 2862 omnium

397 2891 866 2967 considerate.
914 2902 1097 2969 Tum
1144 2901 1354 2973 vobis
1403 2908 1644 2977 veniet
1682 2907 1757 2973 in
1812 2919 2129 2975 mentem
2155 2956 2175 2987 ,
2230 2915 2313 2973 ut
2354 2924 2525 2972 vere

467 3086 518 3133 7.
549 3076 608 3123 L.
637 3075 806 3127 Cassa·
822 3080 1142 3146 Incorruptus
1165 3082 1249 3131 ille
1277 3100 1415 3133 seve-
1576 3090 1630 3137 3.
1654 3088 1936 3142 Miramini,
1977 3086 2205 3151 Quirites,
2228 3085 2365 3151 quod
2387 3086 2451 3132 ab
2474 3102 2522 3130 0.

393 3164 570 3216 *mque
607 3155 760 3216 judu
779 3191 796 3213 0
841 3158 902 3207 de
949 3176 1050 3224 quo
1091 3162 1282 3210 Tullius
1325 3180 1416 3228 pro
1508 3178 1679 3216 vestm·
1705 3184 1745 3215 r.
1770 3169 2097 3216 deserantur?
2127 3166 2308 3213 Similis
2332 3166 2429 3212 fere
2449 3164 2528 3211 lo·

393 3230 574 3279 Roscio
595 3238 712 3285 Am.
737 3238 821 3285 30.
1508 3262 1593 3294 cus
1618 3248 1663 3293 in
1692 3248 1912 3295 oratione
1934 3248 2155 3295 Memmii
2176 3246 2311 3310 apud
2328 3244 2523 3313 Sallust.

423 3384 436 3399 ,
463 3310 703 3362 XXXVI·
749 3332 797 3365 ¹·
842 3318 1054 3367 licentia
1097 3332 1194 3379 ese.
1236 3320 1418 3391 παῤῥη-
1505 3328 1621 3390 Jng.
1650 3330 1867 3391 Itemque
1890 3327 1943 3374 in
1968 3328 2095 3375 Livii
2129 3325 2267 3373 libro·
2284 3325 2408 3382 vn,
2440 3323 2525 3371 ubi

392 3402 472 3435 σια
488 3424 502 3448 ,
543 3407 690 3453 quam
715 3410 816 3443 non
844 3395 1049 3461 figuram
1065 3436 1079 3457 ,
1115 3400 1200 3447 aed
1226 3402 1416 3451 schema
1504 3406 1679 3470 plebeii
1728 3423 1863 3455 snam
1907 3406 2102 3454 sibimet
2142 3404 2383 3468 ignaviam
2436 3418 2529 3449 ex·

391 3470 652 3519 existimari
675 3474 783 3521 vult
809 3476 1015 3539 Fabius,
1039 3481 1112 3527 IX
1129 3514 1145 3535 ,
1169 3495 1216 3529 a.
1235 3482 1413 3547 Wzrz,
1502 3486 1756 3549 probi-ant.

388 3570 460 3583 --
489 3550 723 3615 Exempla
761 3556 873 3603 vide
915 3558 966 3605 in
992 3558 1132 3606 Verr.
1150 3562 1276 3619 vn,
1319 3564 1414 3625 593
1578 3573 1624 3619 4.
1642 3552 1795 3613 litum
1819 3581 1935 3613 rem.
1966 3564 2083 3613 Scil.
2100 3576 2293 3611 cansam
2315 3572 2525 3609 vesu-am

389 3640 480 3689 Pffl
518 3628 628 3679 Mil·
669 3646 762 3694 123
812 3633 872 3683 de
913 3638 1029 3701 1103-
1070 3640 1186 3703 Agr·
1224 3657 1278 3702 75
1322 3656 1414 3705 pro
1502 3644 1744 3707 suscipere
1768 3680 1781 3703 ,
1827 3656 1877 3693 et
1922 3660 1973 3692 se
2018 3642 2167 3691 vestri
2214 3640 2521 3689 defensorem

333 3744 338 3750 ·
386 3704 548 3755 Domo
575 3724 688 3770 ⁸¹¹¹,
719 3711 807 3773 373
853 3714 1070 3781 Philipp.
1111 3720 1186 3777 X,
1221 3736 1282 3782 9,
1318 3732 1411 3769 etc.
1502 3721 1735 3787 profiteri.

385 3786 439 3832 J,
463 3786 526 3835 v·
553 3790 609 3839 L·
1576 3802 1625 3849 5.
1649 3805 1784 3849 Ante
1806 3804 1969 3850 oculos
1986 3800 2263 3867 proponite.
2292 3798 2389 3845 Pto
2408 3796 2522 3844 eim-

456 3880 508 3914 a.
526 3870 632 3915 Aue
647 3886 770 3935 quos
793 3870 830 3918 ii
851 3872 1086 3939 diligunt.
1101 3911 1112 3921 .
1126 3910 1138 3922 .
1151 3892 1252 3941 rep.
1265 3894 1412 3941 posse
1502 3878 1616 3941 plici
1630 3878 1811 3944 ponite.
1832 3880 1957 3929 Nam
1981 3892 2031 3929 et
2055 3880 2168 3929 libri
2186 3894 2278 3926 ser.
2296 3875 2522 3924 meliores

385 3940 666 3997 videantur.
716 3949 842 4000 cod.
887 3954 1078 4003 cauch.
1134 3966 1184 4005 et
1235 3956 1408 4006 Duisb.
1496 3968 1641 4023 atque
1665 3957 1781 4008 edd.
1804 3976 1881 4024 pr.
1905 3962 1979 4007 sic
2002 3960 2209 4018 habeut,
2240 3968 2291 4005 et
2319 3966 2393 4003 est
2427 3955 2523 4003 ele-

385 4034 507 4071 -aut
533 4042 661 4089 quoa
681 4028 716 4074 ii
745 4028 957 4093 diligunt
975 4034 1140 4097 aliquo
1165 4036 1217 4082 in
1246 4051 1407 4083 errore
1496 4038 1691 4099 gnatius
1716 4051 1768 4086 et
1784 4039 2043 4088 Veteribus
2062 4038 2308 4096 usitatius,
2326 4048 2385 4085 ut
2406 4034 2520 4095 cic.

387 4110 500 4149 νοω
513 4104 867 4169 ’θΡΝῙΙΘΠᾶθΝ
885 4110 1135 4160 videamur
1155 4134 1200 4161 n.
1223 4116 1333 4164 Seu.
1496 4118 1560 4165 N.
1578 4118 1642 4167 D.
1670 4120 1693 4165 1
1708 4154 1723 4180 ,
1758 4128 1841 4179 41,
1865 4130 1915 4169 et
1930 4118 2065 4170 alibi.
2090 4120 2221 4169 Ean.
