2982 4682
462 370 601 469 276
1180 372 1864 443 ARGUMENTUM.

532 515 654 555 esse
680 512 888 573 genera
922 512 1223 550 causarum
1249 492 1544 570 quinque3
1575 493 1882 551 honestum
1900 533 1916 560 ,
1943 491 2314 566 admirabile,
2337 494 2576 565 humile,

533 611 776 670 anceps,
821 588 1161 659 obscurum3
1192 608 1443 666 quorum
1476 590 1540 647 in
1571 608 1930 668 unoquoque
1970 588 2188 668 dispari
2215 592 2442 650 ratione
2468 612 2576 651 ex·-
2599 613 2614 625 ·

533 687 881 748 ordiendum
913 706 1070 759 esse,
1105 705 1233 764 cap.
1268 686 1357 744 15.
1408 691 1606 766 Ipsum
1639 700 1828 745 autem
1858 687 2160 745 exordium
2201 686 2484 748 dividitur
2515 692 2576 750 in

530 784 879 865 principium
906 797 964 841 et
989 783 1455 841 insinuationem.
1474 788 1564 842 De
1587 782 1878 862 principio
1910 784 2240 861 exponitur,
2263 804 2314 843 c.
2344 785 2441 858 15,
2473 790 2572 859 16;

528 882 601 941 de
620 881 1040 954 insinuatione,
1063 899 1189 958 cap.
1218 900 1321 952 ¹73
1345 879 1556 939 deinde
1571 923 1587 952 ,
1609 898 1736 959 cap.
1762 880 1865 952 18,
1888 879 1960 938 de
1979 879 2381 941 communibus
2395 902 2574 942 exor-

527 978 757 1037 diorum
794 975 1108 1035 virtutibus
1143 989 1202 1033 et
1230 976 1398 1033 vitiis.

602 1072 871 1135 Secundo
900 1059 1029 1130 loco
1053 1070 1126 1128 de
1150 1071 1481 1129 narratione
1510 1070 1848 1150 praecipitur
1877 1071 1960 1129 ita
1977 1112 1994 1141 ,
2018 1084 2084 1129 ut
2111 1073 2416 1151 generibus
2443 1094 2572 1133 nar-

522 1171 813 1232 rationum
850 1167 1126 1247 expositis
1142 1210 1166 1235 ,<
1208 1188 1335 1245 cap.
1372 1189 1472 1245 19,
1509 1170 1688 1227 fusius
1731 1182 2122 1246 pertractetur
2153 1172 2408 1231 narratio
2440 1192 2571 1249 quae

521 1286 707 1327 causae
736 1266 997 1325 continet
1034 1265 1489 1342 expositionem,
1519 1285 1646 1343 cap.
1679 1284 1773 1323 2ο.
1819 1270 1978 1325 Hanc
2007 1280 2278 1346 oportere
2322 1281 2438 1329 tres
2477 1290 2570 1329 rea

516 1361 759 1435 habere,
780 1375 846 1419 ut
870 1360 1067 1419 brevis
1085 1404 1104 1434 ,
1134 1372 1199 1419 ut
1216 1372 1453 1438 aperta,
1482 1373 1550 1417 ut
1577 1360 1901 1438 probabilis
1929 1364 2033 1434 sit,
2056 1383 2183 1441 cap.
2213 1383 2328 1437 203
2359 1364 2569 1424 deinde

513 1459 832 1519 cavendum
865 1477 1019 1529 esse,
1066 1476 1140 1515 ne
1174 1469 1274 1516 aut
1304 1476 1484 1531 quum
1519 1456 1674 1517 obsit
1705 1456 1961 1517 narratio
1982 1503 1998 1531 ,
2053 1472 2154 1517 aut
2200 1480 2378 1537 quum
2420 1462 2564 1520 nihil

509 1556 723 1633 prosit,
759 1567 949 1613 tamen
976 1553 1411 1632 interponatur;
1438 1566 1542 1611 aut
1567 1574 1687 1611 non
1720 1555 1871 1621 loco,
1894 1568 1996 1613 aut
2020 1574 2138 1613 non
2151 1599 2170 1629 ‚
2195 1556 2566 1633 quemadmo-

513 1653 652 1712 dum
680 1672 851 1711 causa
881 1652 1169 1728 postulat,
1200 1663 1489 1718 narretur,
1518 1671 1644 1729 cap.
1679 1672 1773 1709 21.
2265 1634 2273 1641 ’

590 1750 793 1809 Tertio
826 1749 956 1807 loco
987 1746 1179 1826 agitur
1218 1747 1291 1806 de
1322 1748 1637 1825 partitione
1656 1790 1673 1820 ,
1707 1768 1833 1827 cap.
1861 1768 1971 1819 22;
2016 1750 2178 1828 cujus
2209 1750 2336 1809 duae
2367 1764 2562 1831 partes

512 1859 679 1918 sunt3
708 1862 823 1903 una
840 1840 1001 1922 qu'ae,
1026 1843 1168 1921 quid
1189 1864 1320 1903 cum
1346 1843 1691 1903 adversariis
1717 1844 2023 1903 conveniat
2043 1888 2060 1916 ,
2081 1860 2138 1904 et
2167 1846 2308 1923 quid
2337 1847 2398 1905 in
2419 1867 2563 1907 con-

514 1942 795 2001 troversia
840 1941 1218 2017 relinquatur,
1245 1938 1530 2011 ostendit;
1570 1941 1750 1999 altera
1793 1959 1925 2017 quae
1965 1961 2187 2014 rerum,
2229 1941 2304 2001 de
2349 1942 2562 2022 quibus

510 2054 709 2097 orator
734 2037 995 2098 dicturus
1018 2049 1135 2106 est,
1168 2034 1536 2095 distributam
1559 2036 1818 2094 continet
1845 2037 2282 2114 expositionem.
2304 2040 2558 2099 Alteram

509 2138 661 2197 hanc
681 2135 1051 2214 partitionem
1084 2132 1369 2197 brevitate
1388 2178 1407 2208 ,
1434 2132 1830 2202 absolutione,
1857 2136 2148 2213 paucitate
2171 2136 2432 2207 laudari3
2461 2157 2559 2197 or·

512 2235 822 2312 dinemque
854 2234 1112 2312 partium
1144 2233 1204 2291 in
1232 2233 1487 2292 dictione
1515 2232 1784 2293 eumdem
1813 2252 1936 2293 esse
1966 2232 2214 2305 debere,
2253 2237 2357 2313 qui
2385 2238 2560 2295 fuerit

512 2334 571 2391 in
599 2332 941 2411 partitione,
973 2331 1237 2404 docetur,
1264 2351 1394 2410 cap.
1424 2332 1520 2390 23.

586 2435 811 2503 Quarto
843 2429 1033 2506 agitur
1061 2428 1135 2487 de
1162 2429 1599 2488 confirmatione
1619 2471 1634 2497 ‚
1683 2450 1809 2509 cap.
1843 2441 1916 2500 24
1949 2450 2110 2509 seqq.
2157 2428 2258 2490 ubi
2302 2430 2552 2510 primum

503 2525 860 2596 ostenditur,
883 2543 1083 2584 omnes
1114 2544 1203 2582 res
1245 2524 1703 2603 argumentando
1726 2527 2086 2598 confirmari,
2110 2540 2210 2585 aut
2236 2547 2310 2584 ex
2333 2528 2402 2591 iis
2425 2547 2556 2607 quae

504 2623 768 2699 personis
798 2621 914 2680 sint
934 2618 1245 2691 attributa,
1272 2619 1469 2698 qualia
1497 2634 1634 2678 sunt
1657 2640 1896 2694 nomen,
1926 2623 2134 2695 victus,
2155 2622 2417 2695 fortuna,
2445 2623 2552 2682 ha-

506 2719 688 2790 bitus,
712 2717 945 2776 affectio
964 2759 982 2790 ,
1004 2715 1194 2777 studia
1210 2759 1229 2786 ,
1244 2717 1507 2789 consilia,
1523 2716 1702 2789 facta,
1728 2738 1912 2790 casus,
1937 2719 2231 2778 orationes
2247 2763 2264 2792 ,
2289 2739 2417 2798 cap.
2439 2719 2551 2792 253

504 2829 605 2874 aut
629 2835 703 2874 ex
718 2813 787 2873 iis
815 2833 943 2890 quae
965 2813 1213 2891 negotiis
1238 2811 1520 2871 attributa
1545 2813 1690 2883 sint,
1717 2833 1848 2891 quae
1876 2813 2084 2893 partim
2113 2813 2226 2874 sin't
2251 2816 2553 2875 continen-

504 2913 584 2970 tia
613 2930 746 2970 cum
777 2911 907 2988 ipso
932 2910 1187 2986 negotio,
1220 2908 1435 2987 partim
1464 2909 1525 2966 in
1559 2911 1818 2985 gestione
1846 2910 2062 2986 negotii
2092 2910 2552 2981 considerentur,

502 3029 627 3088 cap.
654 3011 757 3081 26,
784 3008 999 3084 partim
1031 3006 1301 3085 adjuncta
1331 3006 1568 3083 n‘egotio
1595 3007 1740 3081 sint,
1773 3008 1984 3085 partim
2009 3021 2232 3086 gestum
2257 3011 2548 3086 negotium

497 3115 943 3182 consequantur,
960 3121 1087 3181 cap.
1104 3122 1199 3176 27.
1220 3100 1444 3162 Deinde
1468 3101 1713 3160 docetur
1738 3122 1972 3162 omnem
1993 3107 2548 3182 argumentationem

388 3245 413 3256 -
498 3213 599 3259 aut
622 3198 1025 3272 necessariam,
1052 3211 1153 3258 aut
1181 3195 1542 3275 probabilem
1577 3217 1716 3256 esse.
1746 3205 1944 3258 Genus
1971 3201 2410 3278 argumentandi
2437 3223 2547 3263 ne-

494 3294 804 3360 cessarium
834 3295 1071 3352 tractari
1097 3295 1159 3352 in
1196 3293 1443 3352 dicendo
1476 3308 1579 3354 aut
1608 3313 1716 3371 per
1746 3296 2210 3374 complexionem
2230 3341 2248 3370 ,
2303 3312 2404 3357 aut
2440 3319 2548 3379 per

492 3390 981 3451 enumerationem
996 3433 1015 3462 ‚
1040 3401 1142 3448 aut
1166 3408 1273 3467 per
1298 3388 1618 3466 simplicem
1650 3391 2077 3450 conclusionem
2093 3431 2110 3464 ,
2125 3413 2252 3473 cap.
2269 3396 2364 3452 28.
2399 3400 2544 3456 Pro-

492 3487 685 3548 babile
711 3503 903 3548 autem
924 3506 1047 3548 esse
1060 3487 1121 3544 id
1136 3531 1153 3560 ,
1167 3485 1329 3564 quod
1346 3485 1464 3544 fere
1482 3487 1606 3544 fieri
1633 3489 1846 3561 soleat,
1865 3502 1966 3548 aut
1987 3490 2147 3567 quod
2173 3491 2234 3548 in
2263 3493 2543 3571 opinione

496 3587 745 3665 positum
773 3587 880 3655 sit,
922 3598 1023 3643 aut
1049 3582 1211 3661 quod
1237 3580 1453 3640 habeat
1489 3584 1552 3640 in
1589 3603 1651 3642 se
1687 3584 1761 3643 ad
1794 3585 1918 3644 haec
1944 3586 2254 3664 quamdam
2275 3589 2542 3650 similitu-

492 3683 700 3742 dinem.
734 3687 923 3742 Omne
952 3692 1145 3739 autem
1173 3676 1508 3756 probabile,
1552 3680 1715 3756 quod
1755 3697 2017 3740 sumatur
2056 3682 2129 3741 ad
2168 3699 2540 3763 argumenta-

492 3780 709 3838 tionem
728 3821 743 3849 ,
766 3791 867 3836 aut
889 3776 1117 3853 signum
1140 3793 1285 3840 esse,
1316 3785 1419 3832 aut
1442 3773 1754 3849 credibile,
1781 3789 1881 3836 aut
1899 3777 2243 3855 judicatum,
2268 3795 2372 3840 aut
2390 3801 2543 3841 com·

490 3871 777 3952 parabile,
802 3891 929 3950 cap.
958 3889 1037 3947 ²9
1061 3881 1208 3928 extr.
1238 3872 1575 3946 Sequuntur
1601 3885 1890 3952 praecepta
1918 3873 1991 3932 de
2016 3874 2241 3932 ratione
2276 3875 2537 3936 inventas

490 3967 1013 4048 argumentationes
1038 3963 1389 4036 exornandi,
1418 3985 1544 4044 cap.
1578 3969 1681 4040 303
1716 3967 1820 4028 ubi
1849 3972 2104 4050 primum
2135 3971 2438 4032 disseritur
2459 3974 2534 4033 de

492 4061 988 4144 argumentatione
1012 4079 1119 4137 per
1138 4058 1564 4136 inductionem,
1589 4081 1717 4141 cap.
1743 4065 1964 4137 31-33;
1991 4065 2202 4126 deinde
2224 4066 2298 4127 de
2315 4087 2382 4128 ea
2403 4089 2537 4146 qua.-
