2982 4682
745 371 870 440 DE
915 367 1521 456 INVENTIONE,
1570 370 1831 440 LIBER
1880 370 1946 455 1,
1981 372 2097 466 47.
2344 371 2485 472 369
2590 324 2599 332 ⁸

355 510 442 568 ut
475 489 1012 566 demonstretur
1037 514 1188 562 non
1211 491 1613 563 necessario
1648 513 1819 562 cum
1849 493 2093 588 priore
2124 496 2482 590 posterius

361 603 741 678 cohaerere.

455 711 700 810 (nm.)
726 715 882 782 Hoc
909 733 1170 808 genuS,
1203 725 1275 781 et
1311 725 1551 783 cetera
1587 710 1977 782 necessaria
1996 707 2051 800 ³,
2086 725 2160 782 et
2187 717 2484 785 omnino
2546 787 2549 792 ,

359 828 597 898 omnis
657 824 1217 922 argumentatio,
1273 836 1346 892 et
1403 822 1559 915 ejus
1619 822 2093 918 reprehensio
2139 825 2483 920 majorem

361 932 752 1033 quamdam
808 933 954 1001 vim
1023 931 1392 1016 continet,
1445 945 1521 1002 et
1568 930 1781 1000 latius
1826 947 2055 1029 patet,
2102 957 2319 1030 quam
2368 934 2489 1006 hic

362 1043 756 1141 exponitur
789 1066 804 1109 :
841 1039 969 1111 sed
1003 1039 1162 1134 ejus
1203 1037 1490 1110 artificii
1536 1041 1853 1136 cognitio
1895 1041 2312 1136 hujusmodi
2347 1060 2489 1134 est,

363 1169 445 1225 ut
481 1177 630 1224 non
660 1150 750 1223 ad
782 1149 999 1245 hujus
1029 1151 1198 1220 artis
1227 1165 1503 1246 partem
1538 1149 1856 1246 aliquam
1894 1149 2187 1249 adjungi
2230 1157 2486 1250 possit,
2524 1175 2535 1181 ·

362 1261 490 1334 sed
529 1265 681 1360 ipsa
729 1261 1110 1357 separatim
1159 1257 1356 1355 longi
1406 1260 1797 1356 temporis,
1843 1275 1917 1330 et
1956 1285 2230 1358 magnae
2266 1278 2487 1361 atque

365 1371 602 1449 arduae
653 1369 1153 1466 cogitationis⁴
1205 1367 1545 1466 indigeat.
1600 1369 1841 1457 Quare
1897 1368 2019 1439 ina
2068 1370 2281 1442 nobis
2339 1372 2481 1444 alio
2559 1457 2567 1465 Ι

366 1497 689 1582 tempore
737 1494 954 1576 atque
991 1477 1082 1550 ad
1126 1476 1318 1549 aliud
1372 1479 1822 1564 institutum,
1875 1479 1934 1548 si
1978 1479 2276 1552 facultas
2317 1483 2487 1570 erit,

367 1589 940 1690 explicabuntur.
969 1592 1182 1662 Nunc
1209 1587 1322 1660 his
1356 1585 1961 1687 praeceptionibus
1994 1587 2371 1662 rhetorum
2398 1593 2491 1664 ad

369 1726 576 1775 usum
604 1700 999 1772 oratorium
1026 1712 1410 1768 contentos
1438 1713 1573 1768 nos
1594 1721 1749 1768 esse
1776 1696 2211 1794 oportebit⁵.
2242 1702 2491 1790 Quum

366 1813 586 1910 igitur
619 1836 703 1882 ex
735 1796 850 1896 iis,
880 1833 1042 1906 quae
1077 1821 1490 1896 sumuntur,
1528 1803 1801 1905 aliquid
1832 1829 1983 1875 non
2020 1806 2484 1896 conceditur,

369 1923 470 1994 sic
503 1917 1009 1990 infirmabitur.

461 2032 742 2102 XLVII.
787 2023 1070 2123 (xnvu.)
1105 2027 1352 2117 Quum
1390 2038 1673 2114 autem,
1708 2025 1821 2097 his
1862 2033 2249 2116 concessis,
2294 2055 2493 2102 com-

368 2137 608 2238 plexio
637 2149 657 2182 ¹
715 2161 805 2210 ex
859 2136 973 2207 his
1027 2161 1178 2206 non
1231 2134 1687 2223 conficitur²,
1728 2134 1876 2208 haec
1912 2153 2126 2208 erunt
2167 2140 2495 2212 conside-

367 2247 592 2320 randa
645 2275 662 2318 :
707 2272 884 2319 num
945 2243 1138 2317 aliud
1191 2243 1656 2333 conficiatur,
1710 2245 1906 2316 aliud
1963 2243 2311 2337 dicamur-³,
2352 2249 2537 2324 hoc'

369 2357 592 2431 modo
631 2386 648 2429 ε
694 2362 804 2446 Si,
843 2381 1071 2455 quum
1105 2357 1364 2455 aliquis
1403 2356 1594 2428 dicat
1642 2380 1719 2428 se
1759 2355 2165 2455 profectum
2213 2384 2369 2431 esse
2402 2360 2495 2431 ad

371 2469 804 2555 exercitum,
851 2482 1249 2564 contraque
1283 2470 1495 2538 euml*
1532 2468 1693 2565 quis
1727 2468 1901 2539 velit
1935 2466 2073 2541 hac
2111 2493 2498 2569 argumen-

373 2582 647 2651 tatione
710 2579 814 2648 uti
859 2603 875 2646 :
925 2606 958 2642 α
987 2580 1054 2647 Si
1101 2576 1416 2648 venisses
1471 2575 1562 2647 ad
1613 2577 2003 2648 exercitum
2024 2631 2043 2665 ,
2096 2603 2139 2649 a
2180 2578 2497 2651 tribunis

373 2686 798 2765 militaribus
833 2690 1028 2759 visus
1077 2709 1300 2775 esses;
1357 2710 1512 2757 non
1559 2710 1635 2767 es
1679 2688 1933 2757 autem
1974 2686 2067 2759 ab
2114 2688 2227 2760 his
2256 2690 2495 2778 visus-3

373 2824 524 2873 non
565 2823 644 2871 es
682 2798 904 2896 igitur
947 2786 1360 2895 profectus⁵
1420 2795 1511 2867 ad
1556 2798 1951 2869 exercitum
1978 2825 2053 2885 »3
2113 2797 2230 2870 hic
2263 2824 2495 2897 quum

445 3051 496 3100 3.
546 3050 714 3099 Cetera
760 3047 1060 3106 necessaria,
1093 3058 1187 3098 etc.
1224 3049 1396 3097 Cetera
1482 3048 1600 3098 Nou
1626 3063 1682 3097 eu
1700 3048 1951 3099 conclusio
1970 3066 2079 3115 qun
2093 3052 2396 3117 exprimitur,
2412 3055 2499 3103 eod

372 3148 484 3195 quae
507 3128 776 3179 necessario
795 3126 911 3175 inde
939 3128 1172 3193 eouaequ'i
1190 3127 1398 3177 affirmat
1482 3128 1573 3177 nli·
1601 3144 1663 3175 ex
1683 3129 1941 3191 praemissis
1960 3140 2209 3194 sequatur.

374 3209 697 3259 adversarius.
723 3207 904 3256 Wrrz.
1555 3215 1605 3264 4.
1630 3206 1911 3270 Contraque
1940 3221 2065 3257 eum.
2084 3204 2337 3257 Schfitzim
2354 3209 2498 3259 omit·

446 3299 497 3347 4.
533 3286 870 3355 Cogitationis.
916 3284 1058 3335 Istud
1095 3283 1253 3333 voluit
1287 3286 1394 3334 Gu-
1484 3286 1546 3334 tit
1572 3302 1666 3349 que
1692 3302 1803 3333 curn
1823 3285 1971 3337 codd.
1984 3285 2118 3336 Laid.
2134 3301 2189 3347 ,1,
2210 3288 2262 3348 3,
2281 3289 2427 3339 Voce.
2447 3306 2499 3348 α,

377 3370 588 3419 lit-lmine
627 3386 690 3417 ex
739 3367 911 3417 codice
949 3365 1195 3414 Grevenb.
1240 3369 1398 3417 nostri
1490 3366 1569 3415 ed.
1593 3366 1797 3415 Omnib-

383 3460 547 3498 tamen
593 3447 831 3495 accedunt
873 3444 1110 3509 vulgetis,
1155 3442 1393 3509 oegnieio-
1559 3446 1605 3494 5.
1646 3446 1761 3494 Non
1795 3461 1845 3493 es
1876 3444 1939 3510 ig.
1962 3442 2221 3509 prostans.
2258 3446 2501 3499 Concludi

382 3528 472 3577 πίε.
498 3530 662 3575 Gau-r.
689 3552 758 3563 -
787 3522 1086 3590 Cognitionis
1111 3526 1234 3573 Mss
1262 3522 1394 3571 ond.
1487 3524 1689 3573 debuit:
1720 3526 1877 3588 Igitur
1907 3524 1970 3571 nd
2004 3526 2270 3573 exercitum
2298 3541 2397 3573 non
2420 3542 2501 3573 ve-

381 3605 458 3653 ed.
479 3604 678 3655 Omnib.
696 3604 809 3651 Seu.
1486 3604 1621 3653 nisti.
1655 3602 1806 3651 Aliud
1824 3613 1898 3650 est
1922 3602 1987 3650 ad
2009 3604 2275 3652 exercitum
2295 3602 2499 3673 prpfici-

448 3686 497 3732 5.
532 3683 797 3747 Oportebit.
815 3681 952 3731 Leid.
975 3682 1032 3741 3,
1053 3692 1256 3745 oportet.
1277 3683 1394 3731 Seu.
1485 3684 1583 3741 eci,
1633 3681 1737 3729 sive
1781 3681 1943 3729 itineri
1988 3698 2041 3731 ee
2084 3684 2386 3731 committere
2435 3682 2499 3730 ad

447 3762 656 3811 van.
702 3776 751 3809 1.
811 3758 1092 3825 complexio
1129 3760 1212 3808 hic
1253 3771 1302 3809 et
1345 3760 1396 3807 in
1485 3758 1777 3817 exercitum3
1810 3758 1941 3807 uliud
1968 3770 2040 3810 eet
2072 3760 2267 3817 venire,
2294 3759 2395 3806 sive
2412 3776 2499 3823 pe-

376 3841 692 3905 eequentibue
723 3848 798 3887 eet
827 3840 1107 3901 argumenti
1131 3840 1395 3889 conclusio.
1487 3840 1597 3889 dem
1626 3838 1803 3887 inferre
1828 3840 1879 3886 in
1909 3840 2015 3922 ipen
2043 3850 2211 3887 cestra.
2239 3837 2503 3885 vitiosissi-

457 3934 520 3983 τι..
547 3915 823 3984 Corficae'tur.
861 3918 1006 3965 Voce.
1051 3933 1102 3977 x,
1159 3918 1296 3968 Leid.
1335 3933 1364 3966 a
1383 3953 1398 3977 ,
1487 3934 1563 3966 me
1591 3917 1739 3981 igitur
1768 3917 2047 3975 conclusio,
2068 3932 2163 3980 que
2185 3915 2432 3978 colligitur
2450 3918 2503 3966 id

386 3997 828 4068 conficietur-Nou»
857 4009 912 4054 a,
934 3995 1236 4061 conficiatur,
1254 3997 1398 4045 mele.
1487 3996 1624 4061 quod
1652 3996 1931 4045 nullatenus
1950 3996 2167 4061 positum
2194 3994 2288 4067 suit
2320 3995 2423 4043 eive
2448 3998 2503 4046 in

465 4079 513 4128 3.
533 4074 691 4126 Aliud
706 4072 1006 4141 conficiatur,
1024 4074 1169 4124 aliud
1187 4076 1400 4126 dicacur.
1489 4074 1849 4140 propositione,
1898 4075 1999 4123 eive
2049 4074 2101 4123 in
2149 4074 2498 4139 assumptione.

597 4166 650 4233 Ῑ.
690 4177 786 4227 eia.
807 4191 928 4243 pars
948 4175 1119 4243 pruna.
1463 4248 1470 4255 ¹
2122 4164 2213 4245 24
