2982 4682
668 341 770 412 m
817 339 1138 411 menos
1187 341 1314 428 An
1367 343 1445 409 c.
1488 338 2063 412 HERENNIUM.
2316 361 2429 410 -m

299 477 418 546 His
459 473 700 562 lectis,
745 497 965 550 nemo
1007 488 1116 550 est
1167 475 1298 572 qui
1339 499 1493 546 nou
1541 473 1819 571 videat,
1862 486 1989 546 aut
2034 487 2429 568 utrumque

299 623 340 668 e
373 597 748 671 communi
788 594 994 671 fonte
1043 597 1300 672 hausta
1341 597 1761 696 protulisse,
1808 613 1933 670 aut
1986 598 2306 670 alterum·
2335 596 2437 668 ab

297 722 520 800 altero
561 721 792 799 multa
831 737 1242 797 mutuatum
1259 778 1280 814 ‚
1323 739 1450 805 aut
1485 722 1825 800 eumdem
1862 746 2033 796 esse·
2048 724 2431 820 utriusque

299 847 539 942 operis
581 859 974 923 auctorem.
1699 940 1707 948 Ὦ

393 971 482 1038 Et
528 966 868 1039 nonnulli
921 963 1256 1064 quidem,
1312 967 1519 1041 inter.
1554 991 1743 1064 quos
1783 965 2213 1054 Wetzelius,
2265 970 2431 1065 opi-

297 1106 566 1168 uantur
607 1105 1004 1188 utrumque
1051 1096 1541 1190 Hermagorae,
1584 1107 1668 1167 ut
1702 1091 1821 1166 ille
1854 1093 1991 1180 ait,
2042 1089 2329 1164 rivulos·
2360 1094 2439 1161 in

299 1214 554 1291 hortos
613 1239 789 1289 suos
833 1213 1234 1294 deduxisse.
1289 1213 1577 1308 Quibus
1630 1215 2009 1315 respondit
2060 1217 2435 1286 verissime

295 1338 726 1417 Schiitzius:
765 1341 846 1410 Si
893 1352 1204 1437 uterque
1247 1363 1561 1437 graecum
1608 1354 1967 1441 sequutus
2016 1343 2241 1426 esset,
2286 1363 2436 1430 non

297 1461 506 1551 facile
547 1463 891 1562 explicari
909 1517 932 1552 ‚
969 1464 1352 1562 quomodo
1383 1480 1504 1537 tot
1552 1465 1715 1538 loca
1750 1464 2005 1537 iisdem
2034 1463 2271 1536 verbis
2308 1487 2438 1562 po-

297 1589 574 1664 tuerint
613 1585 706 1660 ab
761 1602 1080 1686 utroque
1123 1591 1507 1664 enuntiari.
1546 1631 1645 1644 --
1690 1589 1887 1680 Quid
1936 1613 2113 1662 vero
2166 1589 2227 1659 si
2285 1588 2441 1658 lati-

297 1709 527 1785 num?
551 1753 652 1766 —-
685 1710 1177 1809 Respondebit
1219 1709 1340 1785 hic
1387 1737 1687 1810 quoque
1736 1711 2119 1786 Schiitzius
2154 1742 2171 1784 ε
2224 1740 2263 1778 α
2290 1715 2439 1782 Au-

297 1847 572 1907 ctorem
626 1832 980 1906 librorum
1045 1833 1139 1906 ad
1172 1837 1645 1910 Herennium
1716 1833 1980 1907 diserte
2040 1835 2441 1933 signifiare

296 1961 448 2054 (lv,
486 1956 560 2054 7)
603 1959 908 2030 nomina·
935 1956 1330 2056 figurarum
1367 1957 1625 2046 latina,
1658 1983 1821 2055 quae
1862 1958 1955 2030 de
1992 1983 2224 2056 graeco
2268 1981 2441 2034 con-

297 2082 628 2166 verterit,
661 2096 944 2154 remota
981 2106 1135 2154 esse
1172 2107 1214 2153 a
1251 2081 1819 2176 consuetudine;
1868 2083 2062 2154 und-e
2102 2081 2441 2180 probabi-

299 2208 462 2280 liter
495 2207 884 2304 colligitur,
906 2209 972 2280 ei
1009 2207 1291 2280 nullum
1327 2207 1641 2280 rhetoris
1668 2208 1867 2278 latini
1896 2207 2163 2278 librum
2196 2212 2438 2306 cogni-

297 2346 454 2406 tum
499 2329 752 2419 fuisse,
789 2357 830 2402 e
871 2357 1027 2429 quo
1067 2329 1470 2431 figurarum
1514 2331 1732 2403 latina
1790 2310 2087 2404 nomina
2138 2333 2239 2403 sic
2288 2332 2437 2429 jam

300 2454 582 2541 usitata,
604 2467 676 2526 et
709 2462 1096 2551 propterea
1123 2456 1366 2527 minus
1396 2458 1807 2553 asperitatis·
1826 2438 2159 2528 habitura
2192 2472 2435 2555 petere

300 2591 544 2675 posset
567 2608 622 2645 ιι.
673 2577 1132 2672 Quamquam
1179 2575 1322 2648 dici
1365 2591 1647 2676 potest,
1707 2578 1835 2675 qui
1884 2579 2103 2675 primi
2144 2576 2251 2649 de'
2274 2578 2435 2649 rhe-

299 2707 524 2775 torica
577 2702 798 2773 latine
849 2702 1324 2800 scripserunt,
1361 2702 1516 2774 aut:=
1535 2700 2035 2809 disseruerunt
2058 2756 2077 2791 ,
2134 2727 2261 2775 eos
2310 2728 2437 2775 no-

301 2829 492 2899 mina
529 2824 926 2924 figurarum
965 2850 1194 2924 graeca
1225 2828 1707 2924 uam-pavisse.

388 2947 650 3020 -sed
669 2948 856 3019 alter
875 2946 970 3019 ab
997 2948 1224 3019 altero
1254 2962 1623 3019 mutuatus
1650 2963 1781 3019 est.
1797 2948 2091 3019 -Illud
2118 2949 2435 3046 primum

297 3068 1008 3145 animadvertendum
1027 3124 1048 3157 ‚
1079 3084 1593 3168 praeceptorem
1623 3072 2161 3143 Herennianum
2177 3125 2198 3158 ‚
2232 3073 2435 3169 q'uod

293 3178 702 3291 Purgoldus
715 3184 1242 3289 Schiitziusque
1265 3192 1883 3295 demonstravere,
1908 3196 2227 3292 priorem
2256 3197 2429 3267 scri·

297 3320 542 3415 psisse.
578 3315 708 3389 Ille
743 3316 942 3387 e'nim
976 3312 1286 3387 affirmat
1321 3316 1434 3407 (1,
1477 3316 1571 3412 9)
1622 3340 1699 3389 se
1740 3340 1926 3388 nova
1978 3316 2069 3387 de
2110 3319 2429 3391 insinua-

293 3440 620 3513 tionibus
655 3439 1202 3536 excogitavisse‚
1223 3438 1426 3537 quod
1455 3464 1574 3512 eas
1602 3440 1801 3511 solus
1832 3442 1907 3509 in
1938 3442 2073 3509 tria
2100 3456 2427 3538 tempora

293 3561 644 3651 diviserit3
681 3564 938 3635 Cicero
972 3576 1220 3633 autem
1253 3563 1438 3659 (Inv.
1475 3566 1549 3650 1,
1590 3560 1707 3659 ¹7)
1750 3560 2029 3633 disertis
2058 3560 2297 3633 verbis
2336 3561 2427 3633 de

293 3693 546 3764 iisdem
587 3688 826 3764 tribus
877 3688 1334 3787 temporibus
1387 3690 1569 3786 agit,
1626 3686 1891 3785 quibus
1945 3688 2431 3771 insinuatione

295 3818 534 3915 potius
557 3840 782 3915 quam
807 3812 1170 3911 principio
1197 3800 1555 3884 utendum¹
1576 3812 1689 3882 sit.
1720 3816 1911 3907 Ergo
1936 3808 2145 3881 editis
2164 3813 2309 3905 jam
2340 3811 2430 3883 ad

291 3945 736 4017 Herennium
763 3936 1176 4010 Rhetoricis
1197 3934 1294 4008 de
1315 3937 1748 4008 Inventione
1776 3934 1999 4005 libros
2024 3936 2329 4032 scripsit.

382 4068 566 4158 Quis
603 4076 718 4137 est
763 4060 883 4133 ille
925 4060 1147 4157 igitur·
1183 4082 1404 4159 quem
1424 4114 1446 4147 ‚
1491 4074 1576 4130 ut
1606 4058 1877 4129 volunt
1900 4114 1919 4142 ‚
1984 4057 2243 4130 Cicero
2274 4080 2433 4133 non
