2982 4682
1226 330 1596 413 ΤοΡιοΑ,
1639 354 1701 397 α.
2393 322 2433 397 5
2453 354 2464 393 ι
2487 350 2524 420 7

406 471 487 527 tu
526 453 842 550 optimus
882 472 957 521 es
999 451 1240 538 testis,
1297 474 1514 546 quam
1567 447 1824 519 fuerim
1877 444 2350 545 occup'atus¹²
2385 476 2401 518 ε
2449 464 2532 519 ut

406 578 645 638 autem
684 586 725 633 a
765 574 837 631 te
868 557 1197 646 discessi,
1242 560 1315 628 in
1342 562 1700 630 'Graeciam
1745 557 2243 654 proficiscens,
2297 584 2528 657 quum

406 696 629 769 opera
666 694 825 741 mea
874 693 1009 740 nec
1046 666 1489 766 respublica,
1525 691 1662 739 nec
1704 667 1914 738 amici
1957 680 2356 755 uterentur,
2395 694 2532 741 nec

406 781 711 855 honeste
745 782 937 850 inter
968 801 1165 849 arma
1191 779 1455 849 versari
1487 801 1771 875 possem
1792 831 1812 863 ‚
1842 800 1934 849 ne
1970 778 2028 847 si
2073 791 2232 848 tuto
2267 778 2338 849 id
2371 780 2532 876 qui-

406 892 575 964 dem
593 891 769 961 mihi
793 889 1068 978 liceret3
1088 903 1169 959 ut
1188 890 1350 959 veni
1366 888 1640 959 Veliam
1663 940 1682 975 ,
1712 902 1982 984 tuaque
2001 902 2074 958 et
2095 886 2330 959 tuos¹³
2361 891 2530 978 vidi,

406 1001 819 1075 admonitus
864 999 1081 1095 hujus
1126 1000 1283 1069 aeris
1332 998 1581 1084 alieni,
1619 996 1824 1067 nolui*
1856 995 2101 1068 deesse
2147 1020 2240 1069 ne
2303 1002 2534 1071 tacitae

406 1112 703 1209 quidem
752 1110 1171 1207 flagitationi
1220 1122 1383 1179 tuae.
1434 1112 1690 1204 Itaque
1745 1104 1932 1193 haec,
1970 1130 2201 1208 quum
2251 1132 2538 1181 mecum

408 1219 631 1293 libros
667 1244 813 1291 non
850 1218 1189 1291 haberem
1212 1273 1231 1306 ,
1266 1220 1612 1288 memoria
1648 1219 1956 1314 repetita
1975 1272 2004 1303 ‚,
2035 1219 2112 1286 in
2149 1219 2302 1314 ipsa
2343 1222 2538 1289 navi-

408 1334 695 1426 gatione
744 1331 1186 1427 conscripsi,
1240 1326 1522 1423 tibique
1560 1350 1648 1397 ex
1685 1328 1939 1397 itinere
1977 1327 2138 1397 misi
2179 1353 2194 1395 :
2252 1342 2334 1399 ut
2377 1354 2538 1402 mea

409 1439 773 1537 diligentia
808 1438 1313 1511 mandatorum
1358 1453 1696 1521 tuorum,
1744 1451 1816 1508 te
1861 1460 2197 1533 quoque,
2235 1440 2367 1510 etsi
2407 1440 2536 1511 ad-

408 1552 771 1621 monitore
812 1574 961 1621 non
1005 1572 1209 1646 eges,
1250 1548 1337 1620 ad
1384 1550 1806 1619 memoriam
1847 1562 2258 1619 nostrarum
2295 1574 2537 1623 rerum

410 1662 811 1732 excitarem.
848 1659 987 1731 Sed
1022 1660 1169 1754 jam
1207 1673 1493 1756 tempus
1537 1671 1648 1730 est
1687 1654 1778 1729 ad
1819 1654 1894 1725 id
1925 1710 1945 1744 ‚
1986 1656 2188 1753 quod
2225 1659 2540 1731 institui-

409 1795 573 1841 mus
600 1824 620 1859 ,
656 1768 1015 1841 accedere.

506 1884 594 1950 ΙΙ.
636 1877 769 1975 (11.)
812 1882 1057 1968 Quum
1097 1879 1336 1949 omnis
1376 1877 1560 1948 ratio
1601 1874 1904 1972 diligens
1935 1875 2332 1951 disserendi
2363 1880 2541 1952 duas

412 1987 677 2062 habeat
720 2002 998 2086 partes,
1037 2011 1255 2079 unam
1304 1982 1758 2071 inveniendi,
1801 1985 2095 2056 alteram
2122 1988 2496 2081 judicandi
2522 2046 2541 2077 ‚

411 2102 794 2195 utriusque
838 2100 1173 2195 princeps
1198 2152 1217 2182 ‚
1250 2112 1331 2167 ut
1371 2095 1550 2165 mihi
1582 2094 1878 2191 quidem
1916 2096 2219 2184 videtur,
2265 2101 2538 2171 Aristo·

412 2207 590 2280 teles
624 2206 777 2279 fuit.
826 2208 1043 2277 Stoici
1079 2221 1321 2277 autem
1346 2203 1434 2281 'in
1473 2205 1692 2275 altera
1731 2204 2326 2294 elaboraverunt;
2360 2209 2540 2302 judi·

412 2317 617 2390 candi
644 2318 837 2388 enim
859 2318 1010 2390 vias
1026 2316 1408 2415 diligenter
1430 2318 1851 2413 persequuti
1871 2330 2063 2403 sunt,
2083 2340 2161 2388 ea
2185 2318 2549 2407 scientia¹‚·

413 2454 631 2526 quam
674 2429 1107 2500 Dialecticen
1148 2424 1514 2524 appellant
1555 2454 1572 2496 ε
1617 2425 2036 2498 inveniendi
2072 2450 2243 2496 vero
2281 2441 2543 2514 artem,

302 2543 307 2551 ’
413 2564 574 2636 quae
608 2539 877 2636 Topice
920 2536 1205 2618 dicitur,
1248 2561 1556 2632 quaeque
1592 2534 1681 2604 ad
1725 2559 1936 2606 usum
1977 2536 2218 2631 potior
2250 2550 2430 2622 erat,
2469 2553 2546 2610 et

413 2649 667 2722 ordine
706 2661 977 2718 naturae
1000 2660 1193 2718 certe
1224 2649 1447 2744 prior,
1486 2659 1710 2719 totam
1740 2643 2211 2740 reliquerunt.
2251 2649 2402 2716 Nos
2431 2669 2544 2718 au.

412 2773 557 2828 tem
576 2812 595 2844 ‚
615 2761 961 2854 quoniam
982 2758 1058 2827 in
1078 2769 1386 2852 utraque
1404 2778 1682 2824 summa
1697 2754 1966 2823 utilitas
1980 2767 2088 2823 est
2103 2764 2154 2838 ²,
2186 2768 2257 2824 et
2274 2768 2544 2826 utram-

414 2891 593 2963 que,
637 2867 697 2935 si
742 2867 877 2936 erit
916 2866 1185 2954 otium,
1230 2863 1572 2961 persequi
1611 2864 2040 2958 cogitamuS,
2087 2861 2180 2932 ab
2224 2887 2338 2951 ea,
2383 2889 2544 2962 quae

414 2977 617 3076 prior
653 2988 794 3060 est,
825 2972 1217 3044 ordiemur.

510 3088 611 3156 Ut
652 3083 872 3180 igitur
896 3105 1145 3152 earum
1181 3106 1425 3154 rerum
1454 3134 1473 3167 ,
1514 3105 1676 3178 quae
1705 3078 2142 3154 absconditoe
2177 3097 2388 3170 sunt,
2423 3083 2542 3156 de-

415 3271 543 3329 vn,
596 3273 687 3329 ιι,
732 3266 821 3331 qui
863 3263 1124 3330 scripsisses
1170 3265 1225 3312 in
1272 3274 1433 3312 vetere
1598 3263 1680 3314 13.
1709 3263 1912 3326 Tuoque
1949 3272 1999 3311 ee
2035 3273 2142 3312 euos
2179 3263 2302 3312 vidi.
2328 3266 2547 3316 Trebatii

414 3345 640 3411 exemplo
660 3345 853 3410 reperit.
878 3345 1085 3396 Eu.—
1098 3341 1234 3394 Idem
1256 3342 1435 3406 reperit
1520 3355 1734 3408 paternae
1755 3344 2085 3406 pomiones
2100 3343 2252 3391 Veliae
2274 3346 2546 3395 erant.Vid.
2653 3333 2663 3348 '

414 3425 467 3474 in
494 3425 594 3472 suis
620 3425 790 3471 Petrus
816 3423 996 3482 Faber,
1030 3421 1117 3485 qui
1152 3421 1435 3468 consulatur
1523 3422 1664 3486 epist.
1693 3421 1946 3470 Ciceronis
1979 3421 2042 3469 ad
2067 3421 2347 3470 Trebatium
2365 3459 2381 3486 ,
2415 3427 2546 3481 Fam.

414 3501 505 3560 lib.
526 3506 577 3560 Ι,
594 3505 853 3552 Semestm.
871 3499 1437 3552 numum-similiter
1524 3504 1652 3561 vn,
1681 3516 1743 3563 19
1769 3512 1818 3548 et
1846 3515 1930 3550 20.
1959 3503 2191 3552 Govm.

297 3627 309 3638 ,
416 3581 541 3632 ludit
568 3581 623 3629 in
650 3581 801 3630 verbo
831 3579 1037 3628 scribere
1073 3579 1247 3629 Cicero
1276 3577 1329 3626 in
1353 3595 1433 3643 ep.
1592 3581 1658 3635 11.
1698 3594 1743 3634 1,.
1782 3581 1860 3627 Ea
1895 3579 2128 3638 scientia,
2160 3595 2327 3643 quam.
2367 3581 2458 3629 Ms
2481 3585 2547 3629 V.

417 3661 482 3712 ad
493 3661 789 3710 Trebatium.
810 3659 890 3707 Ad
908 3659 1129 3716 Dimvn
1144 3693 1161 3720 ,
1193 3665 1273 3712 1⁴·
1526 3657 1734 3707 ed.Ven.
1753 3658 1892 3708 Med.
1913 3661 2051 3707 Jnm.
2077 3678 2102 3700 ι
2121 3671 2250 3718 eam,
2268 3675 2412 3721 quam
2429 3661 2550 3708 Dia-

499 3755 582 3789 12.
612 3741 773 3804 Quam
788 3737 972 3796 luerim
1001 3747 1277 3802 occupatus.
1302 3736 1437 3789 Libri
1527 3736 1760 3794 lecticas,
1793 3747 1888 3784 ete.
1909 3755 1934 3778 a
1971 3751 2084 3783 vere
2109 3745 2158 3782 et
2183 3751 2321 3789 more
2349 3737 2550 3787 Cicero-

418 3817 641 3884 publici,
673 3838 696 3860 ι
712 3833 839 3881 aaepe
865 3828 1134 3881 occupatus
1149 3837 1175 3857 ι-
1196 3830 1209 3864 :
1237 3814 1322 3863 ned
1354 3818 1434 3863 in-
1527 3815 1618 3864 nia.
1641 3815 1766 3862 Ena.
1788 3839 1860 3852 -
1883 3811 2142 3864 Schiitaine
2159 3812 2298 3862 dedit
2317 3851 2334 3876 ,
2357 3826 2414 3864 ut
2437 3818 2551 3882 pla«.

422 3897 671 3957 terjectum
716 3896 841 3944 illud
878 3895 1165 3945 adverbium
1218 3894 1357 3944 abest
1406 3912 1435 3944 a
1525 3893 1667 3941 eebat
1686 3896 1804 3942 Ern.

422 3975 543 4028 Pali.
574 3974 635 4021 ab
670 3975 798 4024 niu.
825 3991 852 4022 a
881 3975 1143 4035 Peccieno,
1168 3985 1217 4023 et
1244 3985 1437 4028 neuten·
1603 3989 1650 4021 2.
1668 3975 1866 4020 Stemma
1888 3971 2078 4024 utilitas
2109 3984 2194 4022 ese.
2221 3973 2377 4028 Abest
2401 3985 2474 4026 ese
2491 3975 2556 4032 ab

424 4054 539 4111 ‚zm
568 4039 747 4104 tudun.
778 4055 951 4110 oum.
1530 4053 1652 4106 edit.
1677 4053 1870 4102 nauem.
