2982 4682
2556 323 2573 356 1

432 363 573 435 238
696 359 704 366 “
1121 357 1216 424 Μ.
1269 355 1350 421 Τ.
1387 353 1881 422 CICERONIS
2694 417 2727 432 ,

431 487 734 558 licentiae
767 483 906 552 hoc
931 481 1070 551 erit
1103 473 1524 572 exemp'um.
1552 505 1587 541 ιι
1620 475 1799 546 Mihi
1826 497 1995 546 cum
2032 475 2175 546 isto
2198 527 2217 563 ‚
2244 473 2561 570 judices,

427 597 562 668 fuit
604 591 946 678 amicitia3
989 587 1116 660 sed
1174 587 1312 656 ista
1365 587 1699 674 anicitia,
1740 585 2029 656 tametsi
2072 609 2328 658 vereor
2377 610 2561 683 quo-

429 705 656 779 modo
683 702 1050 798 accepturi
1089 698 1277 784 sitis,
1305 695 1521 766 dicam
1542 711 1819 783 tamen,
1842 719 1977 766 vos
1994 707 2181 767 me¹⁰
2202 696 2553 794 privastis.

430 816 624 910 Quid
661 813 810 884 ita?
843 812 1036 902 Quia
1057 864 1076 896 ,
1117 823 1203 879 ut
1235 805 1424 880 vobs
1457 831 1689 879 essem
1733 805 2087 905 probatus
2115 860 2134 891 ,
2174 831 2341 879 eum
2366 861 2387 894 ‚
2424 809 2557 903 qui

427 952 556 997 vos
614 919 1136 1023 oppugnabat,
1185 918 1577 1006 immitam,
1629 941 1851 1015 quam
1912 921 2223 990 amicum
2288 915 2557 988 habere

429 1037 715 1109 malui».
753 1035 942 1129 Ergo
979 1029 1137 1102 haec
1173 1031 1567 1116 exormti0‚
1600 1029 1720 1100 cui
1756 1029 2061 1098 licentiae
2097 1051 2369 1101 nomen
2413 1042 2557 1115 est,

426 1149 661 1220 sicuti·
698 1141 1388 1224 demonstravimus,
1422 1138 1697 1235 duplici
1742 1139 2035 1210 ratione
2090 1137 2555 1224 tractabitur-3

429 1257 858 1342 acrimonia,
898 1275 1058 1349 quae
1093 1250 1154 1319 si
1197 1249 1474 1320 nimiun
1516 1247 1733 1320 fuerit
1768 1273 2062 1346 aspera,
2110 1247 2557 1346 mitigabitur

428 1366 679 1451 laude,
736 1378 809 1436 et
851 1361 1434 1445 assimulatione,
1467 1359 1559 1432 de
1607 1384 1751 1458 qua
1799 1364 2161 1457 posterius
2200 1359 2555 1446 diximus»,

429 1499 592 1574 quae
627 1499 782 1545 non
816 1471 1094 1569 indiget
1128 1468 1611 1566 mitigationis,
1644 1483 2036 1567 propterea
2073 1468 2275 1568 quod
2315 1470 2550 1539 imita·

427 1605 547 1659 tur
591 1584 1058 1670 licentiam¹¹,
1111 1595 1184 1652 et
1221 1605 1352 1651 sua
1393 1594 1631 1676 sfonte
1685 1580 1777 1652 ad
1826 1581 2151 1651 animum
2202 1578 2552 1650 auditoris

431 1721 510 1769 se
549 1689 1068 1767 accommodat.

528 1807 922 1876 XXXVIII.
957 1798 1318 1899 (xxxvm.)
1351 1802 1745 1872 Deninutio
1770 1812 1792 1843 ¹
1832 1813 1983 1886 est,
2014 1823 2243 1896 quum
2276 1800 2549 1898 aliquid

430 1939 586 1987 esse
629 1918 702 1983 in
745 1911 998 2002 nobis,
1039 1925 1164 1981 aut
1211 1913 1286 1979 in
1322 1910 1446 1994 iis,
1483 1935 1671 2008 quos
1725 1908 2227 2000 defendimuS,
2266 1927 2393 1982 aut
2426 1935 2549 1982 na-

430 2043 636 2111 tura,
681 2039 807 2096 aut
849 2021 1121 2112 ficana,
1198 2034 1325 2092 aut
1374 2017 1698 2093 indistria
1752 2021 2079 2092 dicemus
2128 2017 2547 2118 egregium:

429 2135 664 2234 quod,
703 2159 798 2206 ne
833 2159 982 2231 qua
1025 2130 1471 2230 significetur
1504 2157 1823 2230 irrogans
1860 2133 2283 2218 ostentatio,
2319 2129 2549 2203 demi-

429 2249 682 2318 nuitur
714 2259 787 2315 et
823 2258 1241 2314 attenuatur
1277 2245 1609 2332 orati01e‚
1642 2245 1785 2315 hoc
1828 2241 2051 2314 modo
2081 2269 2097 2312 :
2130 2273 2165 2308 α
2192 2245 2375 2316 Nam
2406 2243 2549 2313 hoc

429 2384 564 2458 pro
609 2382 774 2453 meo
819 2356 1021 2451 jure,
1053 2353 1380 2450 judices,
1415 2352 1590 2442 dio,
1642 2382 1759 2427 me
1797 2354 2045 2427 labore
2084 2370 2157 2426 et
2194 2353 2549 2425 industria

427 2492 749 2552 curasse,
797 2480 878 2535 ut
931 2462 1384 2563 disciplinam
1429 2465 1783 2537 miitarem
1823 2490 1975 2536 non
2031 2466 2109 2535 in
2156 2466 2547 2564 postremis

430 2593 756 2649 tenerem
783 2606 838 2643 a».
882 2576 1015 2645 Hic
1065 2574 1124 2645 si
1163 2574 1328 2671 quis
1373 2572 1669 2664 dixiset,
1724 2590 1808 2646 ut
1852 2576 2128 2675 optime
2178 2590 2545 2661 tenerem,

431 2689 715 2760 tametsi
770 2708 942 2756 vere
1001 2683 1334 2771 dixisset,
1397 2696 1613 2756 tamen
1676 2710 2017 2782 arrogans
2076 2688 2273 2755 visus
2334 2698 2539 2755 esset.

425 2802 640 2871 Nunc
673 2810 748 2869 et
780 2794 871 2866 ad
909 2792 1248 2865 invidiam
1286 2792 1625 2867 vitandam
1648 2851 1669 2883 ,
1700 2810 1774 2867 et
1806 2795 1895 2867 ad
1936 2794 2221 2867 laudem
2258 2815 2544 2890 compa-

424 2908 727 2981 randam
755 2907 924 2977 satis
950 2902 1226 2975 dictum
1257 2918 1388 2974 est.
1414 2908 1609 2991 Item,
1633 2912 1945 2979 «Utrum
1980 2908 2203 3003 igitur
2236 2904 2545 2975 avaritiae

427 3044 680 3107 causa,
720 3042 812 3089 an
850 3004 1218 3115 egestatis,
1245 3016 1541 3088 accessit
1576 3018 1637 3089 ai
1674 3014 2547 3090 maleficium?Avaritiae?

508 3255 588 3289 ιο.
605 3237 706 3285 Sed
723 3237 820 3285 ista
839 3235 1080 3286 amicitia.
1095 3236 1247 3285 ..sitis
1261 3270 1278 3297 ,
1297 3237 1462 3285 dicam
1549 3242 1802 3289 nationem
1823 3262 1865 3289 »-
1897 3238 2159 3289 Lice-nciam
2174 3272 2190 3297 ‚
2220 3236 2403 3301 inquit,
2428 3235 2543 3283 ferri

427 3332 592 3367 tamen
610 3352 626 3375 ,
659 3332 754 3365 vos
779 3332 860 3363 ne
869 3314 1114 3380 privastis.
1136 3318 1196 3363 In
1215 3317 1458 3380 vulgatis:
1548 3333 1633 3364 nor
1662 3332 1843 3385 potest.
1877 3318 2002 3369 Nam
2048 3320 2091 3367 si
2130 3317 2428 3366 assimulatio
2468 3325 2545 3363 est

425 3398 556 3447 «ned
593 3396 684 3445 itt·
727 3406 884 3443 tamen
910 3394 1318 3444 amicitia...sitis
1333 3428 1348 3453 ,
1367 3410 1459 3445 vo·
1547 3412 1697 3447 mom
1722 3398 1955 3461 licentiat,
1985 3398 2237 3463 quomodo
2256 3396 2357 3445 dici
2380 3406 2545 3459 potest

427 3494 506 3527 ne
527 3476 756 3541 privastis
772 3496 816 3521 ¹·-
853 3476 922 3523 Δί
947 3473 1000 3521 in
1019 3474 1144 3526 MSS
1161 3472 1388 3539 pluribus
1407 3484 1460 3522 et
1545 3476 1813 3528 :aiunl-tio
1844 3479 2092 3527 licentiam
2116 3476 2297 3525 inimi
2314 3478 2337 3524 ?
2380 3478 2543 3523 Immo

427 3554 738 3614 melioribus,
765 3554 910 3603 etiam
929 3554 1063 3618 Lips.
1083 3564 1133 3603 ct
1159 3552 1276 3603 edd.
1297 3569 1378 3619 pr.
1394 3562 1454 3602 nt
1545 3571 1655 3603 cnm
1674 3560 1765 3609 hm
1802 3558 1991 3607 ratione
2037 3566 2347 3622 comparatur
2390 3569 2543 3618 genus

431 3643 567 3697 1474
582 3668 597 3694 ,
643 3632 782 3683 Med.
823 3649 899 3697 pr.
939 3633 1140 3682 omnib.
1172 3632 1312 3683 Med.
1351 3648 1450 3681 sec.
1541 3633 1735 3701 οισι-ὰ,
1768 3638 1905 3702 qnod
1941 3654 2086 3701 snpra
2128 3636 2383 3685 dicebatur
2418 3632 2541 3681 iusi·

425 3718 570 3765 Junt.
599 3713 670 3761 sic
689 3723 764 3761 est
785 3722 842 3759 ut
867 3711 1036 3761 edidi:
1061 3729 1214 3777 eaque
1235 3724 1308 3761 est
1333 3712 1453 3777 legi·
1540 3712 1701 3763 nuath
1728 3718 1859 3781 Ergo
1881 3715 1978 3765 hoc
2002 3712 2543 3781 recepimus—Infelix

427 3796 546 3843 tima
570 3803 620 3841 et
651 3792 826 3839 unitata
857 3793 910 3839 in
934 3791 1032 3840 hoc
1059 3808 1234 3856 genero
1269 3792 1449 3840 for-a.
1542 3792 1811 3846 emanatio.
1842 3796 1946 3845 Etsi
1967 3794 2155 3859 aliquid
2181 3803 2312 3842 certe
2330 3793 2385 3839 in
2403 3802 2543 3840 textu

422 3874 689 3937 vulgatum
709 3872 892 3935 primns
919 3870 1056 3919 dedit
1073 3870 1262 3929 Aldm3
1281 3870 1368 3919 ned
1385 3870 1450 3919 de
1540 3872 1781 3936 claudi-t,
1806 3875 1931 3923 nihil
1956 3873 2265 3923 natandum.

423 3951 618 4015 scripti·
651 3948 804 3998 libris.
839 3950 966 3999 Nam
999 3950 1144 4015 plane
1179 3950 1250 3997 sic
1285 3960 1359 3999 ent
1393 3952 1448 3997 in
1609 3954 1881 4004 xxjvm.
1909 3970 1955 4003 1.
1981 3952 2263 4003 Dema-atio
2281 3987 2298 4009 ‚
2338 3948 2541 4004 λιτότκ.

423 4032 512 4081 MS
539 4030 680 4081 Cort.
695 4030 825 4078 Ru.
1536 4032 1697 4093 Hujus
1722 4030 1864 4099 figure
1890 4033 2113 4098 exempla
2137 4042 2253 4081 sunt
2284 4032 2337 4079 in
2368 4032 2541 4080 Horat·

497 4122 576 4156 ιι.
593 4106 818 4158 Ινίεαωι·
841 4106 1102 4157 licentiam.
1125 4106 1240 4156 Sch.
1281 4129 1304 4151 ι
1321 4108 1444 4157 imi-
1537 4110 1599 4159 de
1618 4110 1869 4181 Pythgon
1892 4130 1905 4162 ε
1928 4128 2069 4161 «non
2104 4110 2334 4160 sordidus
2365 4118 2535 4156 tuetur
