2982 4682
714 416 843 484 DE
893 415 1512 502 INVENTIONE,
1561 416 1830 484 LIBER
1877 417 1945 501 I,
1993 412 2106 510 37.
2343 415 2502 490 353-

348 539 481 636 qui
528 538 606 606 in
664 537 997 635 quinque
1051 549 1291 634 partes
1350 533 1876 607 distribuerunt
1926 541 2484 633 argumentatio-

345 671 543 718 nem.
2477 713 2486 724 .

443 755 771 852 (xxxvii.)
802 757 1151 853 Quinque
1176 770 1349 826 sunt
1370 743 1622 852 igitur⁵
1643 770 1882 852 partes
1917 756 2076 850 ejus
2107 778 2486 851 argumen-

352 869 669 954 tationiS,
684 891 845 964 quae
860 890 991 964 per
1005 867 1628 937 ratiocinationem
1649 879 1996 935 tractatur
2013 892 2028 936 ε
2052 867 2486 963 Propositio,

349 999 484 1073 per
510 998 731 1073 quam
748 973 953 1046 locus
967 977 1027 1046 is
1052 973 1373 1046 breviter
1398 975 1813 1072 exponitur,
1835 999 1926 1045 ex
1945 1000 2096 1072 quo
2123 979 2230 1047 vis
2256 979 2490 1050 omnis

350 1099 647 1183 oportet
687 1097 979 1154 emanet
1022 1085 1636 1172 ratiocinationis;
1677 1087 2194 1184 propositionis
2231 1112 2494 1186 appro÷

348 1194 590 1282 batio,
626 1218 759 1291 per
808 1216 1029 1290 quam
1066 1193 1143 1264 id
1164 1249 1184 1282 ‚
1248 1194 1451 1291 quod
1499 1193 1822 1266 breviter
1879 1197 2287 1294 expositum
2351 1213 2498 1284 est,

349 1302 755 1376 rationibus
785 1301 1223 1376 affirmatum
1249 1357 1268 1390 ‚
1305 1300 1764 1401 probabilius
1803 1319 1875 1376 et
1902 1307 2220 1402 apertius
2248 1304 2361 1394 fit3
2391 1331 2498 1376 as·

351 1417 707 1511 sumptio,
726 1437 858 1511 per
886 1437 1105 1510 quam
1134 1413 1207 1484 id
1224 1467 1244 1500 ,
1272 1413 1475 1512 quod
1500 1439 1590 1485 ex
1607 1415 2105 1512 propositione
2134 1415 2224 1487 ad
2254 1430 2491 1488 osten-

352 1517 727 1598 dendum⁶
783 1525 1142 1621 pertinet,
1200 1525 1637 1612 assumitur3
1697 1525 2210 1624 assumptionis
2243 1550 2503 1624 appro-

348 1635 549 1708 batio
572 1689 593 1724 ,
625 1657 757 1733 per
790 1657 1013 1731 quam
1050 1633 1161 1719 id,
1193 1631 1399 1731 quod
1436 1647 1890 1731 assumptum
1920 1648 2026 1704 est
2046 1688 2067 1719 ,
2097 1633 2498 1706 rationibus

351 1741 725 1831 firmatur3
774 1742 1225 1841 complexiO,
1264 1767 1398 1840 per
1433 1767 1652 1840 quam
1696 1741 1771 1813 id
1794 1797 1814 1831 ,
1857 1741 2056 1840 quod
2121 1742 2502 1822 conficitur

353 1879 445 1926 ex
506 1855 704 1924 omni
748 1854 1377 1952 argumentatione
1407 1906 1427 1940 ,
1476 1851 1795 1924 breviter
1843 1854 2248 1949 exponitur.
2321 1856 2498 1942 Quae

351 1962 701 2062 plurimas
736 1960 960 2033 habet
986 1962 1518 2060 argumentatio
1547 1977 1818 2059 parteS,
1849 1985 1932 2032 ea
1955 1975 2236 2033 constat
2267 1988 2355 2034 ex
2386 1963 2499 2036 his

353 2073 681 2170 quinque
727 2069 1099 2171 partibus;
1139 2069 1460 2142 secunda
1500 2085 1606 2141 est
1642 2069 2254 2167 quadripartita,
2186 2082 2252 2127 7·
2294 2078 2500 2144 tertia

350 2185 728 2291 tripartita.
780 2184 969 2254 Dein
1006 2179 1393 2277 bipartita3
1432 2177 1692 2277 quod
1673 2204 1752 2249 m
1795 2175 2326 2250 controversia⁸
2365 2195 2492 2252 est.

352 2296 465 2367 De
500 2317 642 2365 una
678 2315 979 2392 quoque
1006 2301 1257 2390 parte9
1293 2303 1533 2388 potest
1577 2287 1790 2363 alicui
1824 2288 2050 2361 videri
2078 2312 2288 2386 posse
2321 2313 2494 2361 con-

355 2404 626 2476 sistere.

354 2584 492 2619 πονο.
533 2568 693 2617 Aliter
730 2566 1035 2631 Quintiliano
1068 2565 1253 2625 visum,
1288 2578 1379 2613 nee

352 2646 616 2697 immerito.
663 2666 687 2691 ι
706 2646 1087 2711 Epieherematis
1128 2654 1245 2693 sunt
1281 2654 1379 2692 tres

352 2736 516 2793 partes
546 2741 561 2775 ε
590 2726 746 2791 prima
786 2726 1019 2786 intentio;
1052 2722 1271 2772 seeumla.
1304 2736 1379 2769 as·

352 2806 598 2869 sumptim
634 2804 775 2854 tertia
814 2804 1074 2853 connexio.
1124 2802 1381 2851 sumamus

350 2902 416 2935 ex
454 2885 693 2936 Cicerone
725 2884 1041 2948 exemplum:
1080 2882 1259 2931 Melius
1294 2896 1381 2945 gu·

352 2962 637 3023 bernautur,
660 2974 793 3011 ete.-
819 2964 883 3022 V,
910 2966 995 3017 14.
1021 2962 1076 3009 J.
1091 2962 1154 3010 V.
1182 2962 1236 3009 1..

428 3042 478 3090 5.
526 3040 751 3106 Quinque
784 3050 901 3089 sune
942 3038 1089 3105 igitur
1120 3048 1291 3102 partes
1333 3052 1377 3085 e.

352 3119 809 3185 argumentationis.
840 3119 989 3183 Resp.
1012 3128 1157 3165 notas
1176 3116 1241 3165 ad
1258 3119 1376 3165 Her.

354 3202 435 3262 11,
472 3200 553 3249 18.
584 3188 735 3263 Apud
759 3208 1022 3260 utrumque
1049 3206 1123 3244 est
1148 3197 1377 3260 proposi·

354 3278 446 3327 tio.
485 3278 793 3343 Apptobatio
828 3288 989 3326 autem
1024 3286 1098 3324 est
1130 3274 1377 3323 Herennio

355 3357 513 3417 ratio,
552 3356 847 3421 assumptio,
878 3354 1085 3403 rationis
1118 3350 1376 3403 coufirma-

357 3436 457 3491 tio;
476 3436 819 3500 assumptionis
836 3433 1151 3500 approbatio,
1172 3447 1379 3481 exorna·

357 3516 449 3563 tio.
471 3516 761 3579 Complexio
778 3496 1264 3579 utrique⁰oommuuis
1284 3521 1377 3559 est.

428 3594 478 3643 6.
500 3591 590 3643 Ad
613 3593 983 3643 ostendendum.
1002 3594 1115 3641 Sca.
1140 3590 1269 3640 delet
1294 3590 1379 3638 ad.

355 3672 605 3738 Vulgata,
636 3674 829 3737 iuquit,
862 3688 1033 3721 sensus
1068 3682 1155 3719 aut
1186 3670 1379 3731 nullus,

354 3762 442 3802 aut
462 3752 547 3801 hie
568 3752 735 3801 saltem
764 3752 959 3815 ineptus
980 3766 993 3801 :
1022 3750 1063 3799 si
1101 3749 1283 3797 dieitur
1305 3764 1381 3796 as·

352 3832 573 3894 nmptio
600 3830 851 3878 continere
876 3828 959 3888 id,
985 3827 1123 3893 quod
1146 3826 1384 3891 pertineat

355 3909 421 3958 ad
474 3908 833 3957 ostendendum
891 3924 955 3957 ex
1004 3906 1381 3973 propositione,

356 4006 557 4055 qnam,
576 3988 705 4054 quid
726 3987 827 4037 hoe
847 3988 943 4047 sit,
971 3987 1032 4035 ad
1058 3987 1193 4051 quod
1218 3995 1383 4034 osten·

354 4068 581 4119 ciendum
614 4068 847 4116 reseratur
880 4066 1149 4129 assumptio
1184 4063 1383 4130 syllogi-

358 4148 475 4197 smi.
502 4148 658 4211 Supra
685 4160 797 4210 cap.
827 4144 929 4204 34,
968 4144 1141 4195 Cieero
1177 4142 1388 4193 affirm-

507 4238 565 4303 Ῑ.
622 4248 714 4294 cia.
731 4260 842 4307 pers
863 4244 1027 4306 priona.

1464 2576 1626 2624 verat,
1663 2566 1720 2613 in
1756 2566 2114 2630 assumptione,
2151 2565 2290 2629 quod
2327 2576 2492 2613 osten-

1464 2642 1582 2693 dere
1625 2644 1774 2704 velis,
1827 2644 1881 2692 id
1929 2660 1992 2691 ex
2040 2646 2090 2693 vi
2135 2632 2492 2709 propositionis

1464 2734 1698 2788 oportere
1712 2710 1720 2717 ⁶
1735 2738 1992 2773 assumere.
2033 2725 2146 2773 Hoc
2185 2722 2318 2771 idem
2355 2740 2490 2794 nune¹

1463 2800 1545 2849 his
1561 2800 1723 2849 verbis
1742 2801 2064 2867 exprimitur:
2093 2822 2116 2845 ι
2138 2801 2276 2865 quod
2294 2818 2358 2850 ex
2378 2818 2494 2866 pro·

1463 2878 1712 2944 positione
1729 2878 2084 2930 ostendendum
2102 2880 2346 2944 pertinet·
2360 2912 2374 2938 ‚
2393 2880 2430 2931 i.
2443 2899 2490 2931 e.

1465 2958 1672 3022 pendet,
1699 2958 1918 3021 sequitur
1930 2991 1945 3016 ,
1963 2971 2048 3007 seu
2063 2992 2080 3018 ,
2100 2957 2240 3023 quod
2255 2974 2410 3023 porro
2428 2977 2490 3009 ex

1464 3038 1518 3085 vi
1537 3037 1894 3102 propositionis
1913 3038 2224 3103 probandum
2250 3048 2343 3089 est.
2373 3042 2488 3091 Sca.

1539 3132 1588 3175 7.
1631 3114 2022 3179 Quadripertita.
2057 3118 2116 3163 In
2159 3132 2253 3179 qua
2295 3117 2372 3165 vel
2412 3134 2489 3167 as·-

1464 3194 1757 3257 sumptiouis
1811 3193 1890 3241 vel
1945 3194 2302 3258 propositionis
2351 3196 2488 3247 deest

1464 3272 1771 3337 approbatio.
1787 3270 2144 3336 —I'r-ipareim.
2162 3277 2220 3321 Iu
2241 3290 2338 3337 qua
2355 3285 2486 3325 utra·

1464 3367 1561 3415 que
1595 3351 1732 3400 deest
1763 3350 2076 3415 approbatio.
2114 3379 2186 3389 —
2224 3353 2486 3417 Biparu'm.

1465 3430 1706 3483 Constans
1750 3446 1814 3479 ex
1842 3430 2188 3496 propositione
2223 3442 2274 3480 et
2309 3448 2489 3483 assum·

1464 3510 1655 3575 ptione.
1679 3510 1855 3557 Warz.
2243 3526 2250 3533 ·

1541 3590 1590 3635 8.
1619 3587 1768 3651 Quod
1795 3586 1846 3633 in
1873 3586 2200 3635 controversia
2239 3598 2326 3637 est.
2371 3592 2489 3639 Haeo

1466 3665 1616 3716 verba
1633 3666 1748 3728 quia
1765 3666 1944 3713 absunt
1961 3666 2023 3713 ab
2046 3683 2146 3715 uno
2159 3666 2277 3716 eod.
2289 3668 2492 3717 Ouden-

1468 3744 1658 3808 dorpii,
1697 3742 1924 3807 equidem
1958 3745 2094 3793 haud
2133 3745 2490 3805 damnaverim,

1466 3833 1526 3869 nt
1551 3821 1775 3870 Ernestio
1803 3821 2008 3886 placuit.
2031 3824 2188 3881 Nam,
2217 3823 2312 3871 hoo
2341 3825 2496 3873 omis·

1468 3916 1558 3961 so,
1595 3916 1698 3949 non
1725 3901 1890 3949 statim
1916 3900 2204 3965 intelligitur
2231 3912 2396 3949 utrum
2421 3902 2496 3951 bi-

1470 3982 1649 4047 partita
1685 3981 2040 4051 argumentatio
2070 3980 2134 4027 ad
2175 3980 2378 4029 dubium
2415 3998 2499 4046 ge—

1475 4076 1598 4122 nus,
1616 4076 1678 4108 an
1703 4058 1765 4107 ad
1795 4068 1981 4106 certum
2007 4059 2266 4123 pertineat.
2291 4061 2407 4109 Seu.

1565 4156 1618 4204 9.
1645 4142 1721 4188 De
1750 4152 1853 4186 una
1883 4144 2079 4203 quoque
2100 4148 2275 4205 poree,
2301 4150 2395 4189 etc.
2426 4142 2504 4188 Sie

2222 4224 2330 4295 23·
