2982 4682
744 393 873 461 AD
921 395 1509 486 ΗΕΒΕΝΝῙΗΜ,
1557 405 1824 476 Lmen
1872 411 1930 496 1,
1960 435 2025 506 7.

2379 447 2465 517 19

339 510 750 584 militudine
766 523 854 599 ²⁹,
905 510 1330 610 novitate&
1377 519 1678 599 historia
1697 520 1790 620 3¹,
1847 527 2163 627 versu32,
2198 543 2327 613 aut
2372 541 2467 617 ab

336 621 632 717 alicujus
675 625 1258 723 interpellatione
1275 625 1368 720 ³³,
1403 648 1531 705 aut
1574 635 2035 734 arrisione—³⁴3
2080 660 2154 718 et
2197 652 2255 721 si
2300 677 2467 751 pro-

333 735 774 823 misci-imm,
825 736 1068 830 aliter,
1135 763 1219 812 ac
1270 745 1500 840 parati
1544 744 1933 840 fuerimus,
1990 777 2125 826 nos
2166 781 2317 832 esse
2354 763 2464 835 di-

333 857 609 934 cturos3
654 869 792 916 nos
840 870 991 918 non
1031 847 1288 922 eodem
1324 846 1655 946 m0d035,
1687 873 1770 929 ut
1808 855 2110 934 ceteri³⁶
2152 867 2465 962 soleant,

329 951 544 1026 verba
605 951 953 1048 facturo53
997 959 1175 1056 quid
1237 961 1358 1033 alii
1402 964 1684 1040 soleant
1704 1022 1724 1057 ‚
1774 967 1957 1068 quid
2010 999 2147 1048 nos
2202 975 2463 1055 facturi

330 1067 549 1136 simus
566 1118 586 1153 ‚
621 1056 946 1140 breviter
970 1093 1443 1168 exponemus.
2122 1110 2128 1116 ·

417 1189 570 1259 VII.
605 1186 792 1285 (vn.)
823 1193 1023 1263 Inter
1037 1192 1600 1269 insinuationem
1619 1213 1691 1271 et
1705 1205 2138 1304 principium
2156 1185 2331 1285 hoc·¹
2358 1215 2466 1288 in-

329 1309 563 1368 terest.
578 1297 1023 1398 Principium
1038 1301 1460 1401 hujusmodi
1473 1306 1692 1381 debet
1705 1321 2255 1402 esse,utstatim²
2272 1348 2465 1422 aper-

319 1529 450 1571 mus,
468 1513 602 1565 aliud
621 1514 804 1566 dieitur
815 1537 862 1568 a.
880 1515 1018 1566 Idem
1037 1517 1162 1570 ibid.
1183 1535 1229 1569 c.
1251 1536 1340 1580 70:

318 1615 346 1636 «ι
359 1593 601 1644 Sed-nihil
623 1596 778 1660 magis
801 1597 1010 1660 ridetur,
1032 1613 1179 1662 quam
1204 1601 1347 1664 quod
1381 1675 1386 1678 Ι

317 1683 388 1721 est
407 1684 587 1739 praeter
613 1676 1030 1741 exspectationem
1050 1699 1097 1726 n.
1125 1703 1198 1716 —
1222 1681 1342 1728 Haee

315 1751 510 1802 Sclu’itz.
529 1753 616 1802 sed
631 1771 800 1804 nonne
816 1754 1236 1820 exspectationem
1254 1776 1344 1808 vo·

315 1843 426 1881 caut
455 1833 676 1883 rhetores
713 1851 868 1901 quum
907 1839 1214 1901 exspectatio
1247 1837 1337 1903 fit,

311 1911 540 1978 aliudque
565 1925 850 1980 exspectato
875 1915 1058 1966 dicitur
1071 1913 1100 1966 Ρ
1134 1921 1337 1968 Sensum

311 1991 456 2055 igitur
479 1993 614 2042 illius
639 1995 876 2060 accipiam
890 2030 906 2056 ,
933 2013 1037 2045 non
1075 1999 1338 2048 correctio-

309 2085 436 2119 nem.
465 2071 596 2123 Vide
620 2089 697 2122 ex.
721 2075 1098 2139 exspectationis
1136 2076 1198 2127 de
1239 2079 1332 2128 Or.

306 2149 384 2210 ns
419 2164 507 2211 ⁷⁰·
881 2201 895 2209 -

377 2244 460 2293 29·
506 2229 847 2280 Similitudine.
877 2233 1009 2282 Vide
1043 2235 1106 2284 de
1137 2236 1224 2288 Or.
1247 2237 1299 2285 11
1312 2270 1329 2297 ,

305 2307 372 2356 66
388 2344 404 2369 ,
435 2307 525 2357 ubi
557 2309 749 2360 Tullius
786 2309 1120 2364 similitudinis
1153 2331 1326 2381 genera

301 2403 402 2437 csse
422 2388 547 2438 dicit
561 2388 876 2440 eollatt'onem
891 2427 907 2453 ,
929 2392 991 2441 de
1017 2410 1112 2459 qua
1139 2410 1288 2461 supra
1305 2431 1322 2457 ‚

298 2478 348 2517 et
361 2468 640 2535 ivn-aginam,
653 2468 890 2539 additque
901 2474 1156 2539 utriusque
1167 2490 1326 2524 exem·

371 2628 458 2678 30.
513 2626 758 2678 Noritae.
811 2626 1094 2679 Novitatem
1130 2630 1324 2698 plaeere

297 2704 524 2754 omnibus
535 2718 755 2771 apertum
767 2716 840 2755 est
855 2724 869 2767 ;
887 2710 1142 2773 quomodo
1157 2722 1320 2760 autem

293 2786 442 2833 risum
471 2796 666 2834 moveat
690 2801 794 2833 nou
819 2786 886 2835 ita
911 2788 1052 2837 facile
1077 2789 1317 2842 dixerim:

291 2866 558 2915 novitatem
575 2866 766 2915 Tullius
785 2866 914 2915 inter
935 2867 1132 2917 ridiculi
1155 2871 1318 2920 sontes

289 2960 394 2993 uon
420 2944 586 2994 retulit
611 2946 664 2993 ln
685 2944 818 2993 libro
845 2944 908 2994 de
933 2949 1164 3007 Oratore,
1190 2960 1242 2998 et
1261 2950 1316 3000 iu

216 3082 230 3095 ἢ
287 3025 450 3090 primo
502 3024 564 3073 de
614 3025 907 3073 Inventione
959 3027 1312 3078 exordiendum

287 3102 409 3153 dicit
436 3104 502 3151 de
532 3103 690 3167 aliqua
727 3120 780 3151 re
803 3119 931 3153 nova
963 3115 1050 3153 aut
1083 3105 1308 3159 ridicula.

283 3182 494 3232 videtur
520 3182 583 3231 cl.
611 3184 686 3231 vir
711 3186 764 3234 J.
785 3184 848 3234 V.
870 3185 1064 3233 Leclerc
1089 3202 1312 3237 commo-

287 3261 480 3311 dissime
521 3262 868 3327 interprctatus
912 3263 975 3312 ab
1019 3264 1127 3313 istis
1175 3266 1310 3315 voci-

283 3340 401 3401 bus,
415 3354 658 3407 praterea
675 3344 1039 3407 exspectatione
1051 3378 1068 3405 ,
1085 3332 1189 3394 nou
1205 3346 1308 3407 jam

283 3418 360 3485 agi
381 3419 442 3469 de
467 3420 702 3470 ridiculo.

352 3500 438 3549 31.
461 3500 698 3550 Historia.
721 3500 842 3551 vid.
869 3516 948 3549 ex.
979 3502 1093 3551 hist.
1120 3502 1184 3553 de
1215 3504 1304 3555 Or.

283 3578 360 3637 11,
381 3578 468 3626 66.

351 3658 440 3707 32.
471 3660 644 3706 Versu.
670 3658 749 3706 De
767 3660 856 3707 Or.
879 3660 954 3719 11,
973 3658 1058 3718 64.

347 3726 432 3790 33.
469 3736 692 3802 Alie-ujus
724 3736 1126 3803 interpellatione.
1165 3738 1304 3790 Nihil

272 3814 336 3863 de
349 3814 448 3863 hoc
457 3816 653 3865 Tunius
669 3817 724 3865 in
737 3816 880 3866 libris
895 3829 1006 3867 aute
1025 3818 1194 3879 dictis;
1212 3819 1302 3869 sed

271 3895 328 3943 in
347 3898 518 3945 ceteris
539 3896 737 3946 ridiculi
757 3898 978 3947 fontilms
1000 3914 1129 3964 saepc
1148 3898 1302 3949 iuter·

275 3975 562 4038 pollutiones
589 3988 872 4025 occurrunt.
902 3980 1120 4027 Fortasse
1144 3980 1297 4028 inter-

275 4054 560 4117 pretandum
599 4056 736 4121 quusi
765 4067 933 4105 orator
961 4056 1298 4122 interpellatus

273 4135 514 4186 arridente
531 4134 716 4200 *aliquo
729 4168 746 4195 ,
779 4152 842 4183 ex
873 4152 928 4185 ea
959 4150 1014 4183 re
1038 4136 1296 4185 exordium

1431 1533 1607 1574 sumat.
1622 1525 1815 1577 Tullius
1831 1530 1979 1581 simili
1995 1532 2111 1586 loeo
2127 1573 2145 1601 ,
2169 1537 2232 1588 de
2252 1556 2307 1590 ea
2324 1559 2377 1591 re
2394 1561 2459 1594 ex

1429 1609 1653 1668 tempore
1686 1623 1799 1671 qum
1830 1621 1943 1660 nata
1982 1613 2048 1662 sit
2078 1618 2337 1670 exordium
2377 1639 2461 1672 su·

1429 1682 1663 1733 mendum
1702 1686 1841 1738 dicit.
1881 1691 2235 1758 Interpretatur
2270 1701 2334 1751 cl.
2377 1704 2455 1752 vir

1428 1761 1624 1810 Leclere
1644 1776 1887 1832 tamquam
1908 1787 2014 1819 non
2036 1773 2370 1843 interpellatus
2390 1785 2457 1832 sit

1426 1851 1609 1903 orator,
1629 1841 1715 1892 sed
1732 1845 1793 1893 ab
1813 1847 1905 1896 illo
1924 1849 2117 1916 aliquis.

1498 1920 1583 1978 34.
1606 1923 1713 1970 Aut
1720 1925 1976 1978 arrisione.
1992 1932 2103 1981 Hoc
2121 1945 2291 2000 aptum
2308 1939 2454 1990 nobis

1420 1996 1557 2046 haud
1595 2001 1807 2054 videtur.
1850 2007 1977 2069 Quis
2012 2011 2141 2060 euim
2175 2018 2451 2070 exordienti

1421 2077 1607 2125 oratori
1624 2080 1877 2144 arrideret,
1902 2095 1958 2133 ut
1970 2087 2011 2134 is
2028 2088 2146 2139 iude
2158 2095 2447 2147 exordiendi

1419 2154 1659 2204 tutionem
1691 2174 1880 2210 suma-e
1904 2177 2091 2227 posset.
2130 2169 2207 2220 Ex
2242 2173 2347 2224 Cic.
2381 2175 2443 2224 de

1417 2233 1530 2283 Inv.
1556 2235 1605 2293 1,
1644 2251 1688 2285 ο.
1722 2254 1805 2302 17,
1838 2243 2103 2307 conjicias,
2126 2252 2443 2303 acclamatio-

1415 2326 1527 2361 nem
1546 2313 1628 2363 hie
1648 2320 1987 2383 reponendum
2012 2339 2132 2377 esee.
2156 2332 2272 2379 Seu.
2291 2359 2363 2371 --
2379 2335 2443 2386 Et

1409 2392 1513 2453 jam
1559 2395 1800 2461 corrigere
1840 2410 2107 2453 tentaverat
2142 2410 2405 2462 Lambinus
2425 2450 2441 2474 ,

1412 2471 1502 2534 qui
1519 2471 1746 2525 int‘se'one
1771 2480 2007 2547 volueret,
2031 2484 2215 2538 oblitus
2228 2490 2329 2553 jam
2354 2508 2442 2543 su-

1409 2566 1501 2615 pra
1523 2551 1727 2605 dictum.

1481 2630 1573 2680 35.
1619 2634 1733 2682 Non
1780 2638 1950 2689 eodem
1994 2642 2169 2708 modo,
2218 2658 2287 2697 ut.
2338 2652 2431 2703 Ed.

1415 2715 1581 2773 1474,
1604 2730 1633 2753 κ
1652 2713 1793 2763 aliter
1813 2732 1959 2782 quam
1982 2722 2132 2771 ceteri
2149 2746 2195 2773 ιο.
2228 2728 2359 2780 Eun.

1481 2788 1565 2838 36.
1601 2792 1667 2839 Ut
1688 2796 1836 2843 ceteri
1854 2794 2067 2851 soleant.
2104 2823 2128 2846 ι
2146 2804 2215 2853 Ut
2241 2808 2429 2859 soleant

1405 2867 1555 2915 ceteri
1574 2890 1599 2911 ι-
1620 2869 1735 2920 cod.
1758 2874 1890 2937 Aug.
1914 2876 2029 2927 Sca.

1473 2947 1588 2996 vn.
1632 2964 1680 2998 1.
1720 2950 1829 2998 Hoc
1859 2951 2069 3002 imme.
2108 2958 2421 3027 Principium.

1401 3022 1484 3072 Sic
1512 3024 1735 3075 dedimus
1752 3044 1781 3076 e
1801 3028 1927 3078 Mss
1946 3040 1994 3079 et
2020 3032 2099 3081 ed.
2122 3038 2263 3090 Juut.
2288 3024 2419 3109 vulg.

1403 3124 1428 3147 ι
1449 3102 1549 3151 hoc
1570 3103 1771 3155 interest
1795 3108 1931 3172 qnod
1952 3110 2115 3174 princ.
2134 3136 2159 3159 a·
2183 3118 2418 3180 Quadam

1397 3192 1517 3232 vett.
1538 3192 1595 3231 ut
1620 3192 1751 3246 1474
1777 3186 1916 3237 Med.
1938 3190 2071 3254 quia.
2098 3193 2180 3243 Sic
2205 3207 2253 3245 et
2279 3200 2419 3251 Grae-

1395 3265 1523 3313 vius.
1544 3264 1676 3313 Eun.
2223 3292 2230 3299 ’

1467 3358 1517 3393 2.
1575 3344 1639 3393 m
1680 3344 1842 3395 statim
1891 3350 2074 3412 apertis
2124 3354 2415 3413 rationibus.

1392 3420 1588 3471 Schiitz.
1616 3445 1643 3466 α
1663 3425 1735 3472 Ut
1759 3426 1921 3475 entim
1950 3438 2002 3477 et
2032 3442 2197 3496 aperte
2232 3436 2311 3485 his
2336 3456 2415 3489 ra-

1391 3502 1609 3550 tionibus
1631 3523 1671 3551 ι.
1696 3502 1899 3569 Vulgo,
1913 3506 2073 3573 iuquit
2087 3542 2104 3568 ,
2130 3532 2157 3553 α
2174 3524 2231 3561 ut
2250 3526 2311 3564 st.
2332 3534 2411 3585 ap.

1391 3592 1483 3634 nt,
1505 3602 1531 3625 ι
1556 3579 1657 3633 Sed
1685 3584 1795 3634 cod.
1824 3587 1991 3636 Graev.
2012 3598 2063 3637 et
2088 3590 2264 3643 Duisb.
2292 3594 2416 3647 bene

1390 3682 1416 3703 κ
1431 3660 1510 3709 his
1528 3662 1794 3711 rationibus
1809 3686 1852 3711 a.
1872 3666 1977 3715 Nos
1996 3676 2153 3717 autem
2166 3688 2258 3735 pro
2272 3691 2413 3739 aper-

1388 3738 1452 3788 tis
1471 3740 1693 3789 dedimus
1710 3756 1761 3789 et
1772 3753 1964 3807 aperte,
1981 3744 2116 3795 ducti
2131 3748 2246 3798 loco
2265 3754 2413 3805 simili

1387 3832 1470 3883 ap.
1499 3819 1605 3870 Cic.
1634 3819 1695 3869 de
1719 3822 1829 3869 Inv.
1855 3824 1909 3882 1,
1928 3838 1973 3873 c.
1998 3824 2086 3886 15,
2111 3826 2200 3876 ubi
2226 3832 2411 3895 princi-

1385 3897 1525 3963 pium
1551 3898 1621 3947 sic
1644 3898 1875 3949 definitur
1890 3914 1907 3949 ε
1933 3923 1960 3945 α
1978 3904 2065 3953 Est
2100 3908 2261 3957 oratio
2296 3930 2409 3976 per-

1383 3977 1553 4042 spicue
1565 3986 1614 4026 et
1622 3979 1847 4041 protinus
1858 3978 2114 4045 perficiens
2132 3986 2407 4041 auditorem

1384 4055 1667 4105 benivolum
1682 4078 1726 4105 a.
1754 4058 1819 4106 Et
1837 4059 1907 4106 sic
1928 4060 1977 4107 h.
1995 4060 2031 4110 1.
2052 4074 2223 4127 aperte
2247 4082 2408 4136 oppo-

1385 4136 1519 4183 nitur
1541 4138 1612 4203 τῷ
1640 4136 1837 4185 occulte.
2286 4170 2295 4181 ·

2100 4252 2162 4296 2.
