2982 4682
770 321 897 389 DE
942 320 1522 391 INVENTIONE
1541 370 1564 405 ,
1611 320 1880 389 LIBER
1929 320 1962 387 Ι
1983 369 2002 404 ,
2063 340 2086 385 1
2102 315 2168 387 8.
2405 315 2547 392 313

402 446 519 515 nis
551 443 974 531 minimum,
1020 456 1408 540 propterea
1443 440 1646 539 quod
1693 466 1780 513 ex
1835 438 1946 511 his
1996 439 2310 538 suspicio
2347 444 2544 537 quaess·

405 552 575 625 dam
628 552 1121 649 apparationis
1162 565 1387 649 atque
1432 549 1832 624 artificiosae
1881 549 2264 648 diligentiae
2313 551 2550 622 nasci-

406 680 566 751 tur;
617 686 779 760 quae
857 663 1168 735 maxime
1244 664 1560 735 orationi
1636 662 1856 734 fidem
1878 715 1898 750 ,
1959 661 2227 733 oratori
2295 660 2549 733 adimit

410 774 937 845 auctoritatem.

504 884 695 955 Vitia
732 908 911 953 vero
949 881 1101 953 haec
1136 897 1311 953 sunt
1353 884 1747 954 certissima
1786 876 2339 967 exordiorum,
2383 902 2548 976 quae

406 1018 873 1092 summopere
930 994 1159 1065 vitare
1228 992 1600 1091 oportebit
1652 1020 1669 1063 :
1737 994 2072 1089 vulgare,
2125 1014 2549 1077 commune,

408 1102 919 1175 commutabile
944 1158 965 1191 ‚
1006 1103 1344 1200 longum,
1376 1117 1784 1201 separatum
1809 1158 1828 1186 ‚
1861 1102 2282 1172 translatum
2305 1152 2324 1184 ‚
2367 1120 2544 1169 con-

408 1229 519 1286 tra
576 1228 958 1313 proecepta.
1003 1214 1316 1311 Vulgare
1359 1211 1554 1302 est⁵‚
1610 1212 1814 1310 quod
1861 1214 1938 1281 in
1995 1212 2245 1309 plures
2298 1232 2546 1281 causas
2641 1248 2650 1256 ·

406 1340 649 1423 potest
672 1324 1202 1396 accommodari
1219 1378 1238 1407 ‚
1252 1340 1337 1395 ut
1362 1324 1750 1396 convenire
1767 1322 2118 1415 videatur.
2135 1326 2546 1393 Commune

408 1434 598 1525 estfl,
631 1432 832 1533 quod
868 1436 1099 1507 nihilo
1132 1438 1377 1508 minus
1403 1438 1481 1506 in
1510 1436 1732 1523 hanc,
1760 1458 1978 1532 quam
2009 1434 2082 1503 in
2111 1432 2547 1509 contrariam

406 1562 685 1645 partem
730 1571 995 1637 causae,
1051 1562 1295 1645 potest
1351 1550 1762 1619 convenire.
1814 1542 2348 1617 commutabile
2388 1556 2537 1627 est,

410 1655 615 1751 quod
652 1654 744 1727 ab
772 1656 1181 1729 adversario
1210 1672 1451 1756 potest
1468 1712 1487 1747 ,
1534 1657 1785 1728 leviter
1812 1670 2170 1726 mutatum
2193 1706 2212 1743 ,
2251 1679 2340 1725 ex
2365 1677 2546 1724 con-

408 1768 617 1837 traria
649 1782 853 1865 parte
890 1762 1051 1839 dici.
1094 1772 1431 1867 Longum
1474 1782 1614 1855 est,
1657 1766 1858 1864 quod
1897 1765 2229 1865 pluribus
2264 1764 2544 1851 verbis,

406 1892 529 1948 aut
546 1880 957 1967 sententiis,
991 1878 1179 1949 ultra
1212 1903 1431 1977 quam
1462 1882 1632 1949 satis
1659 1892 1804 1963 est,
1841 1876 2292 1974 producitur.
2324 1880 2542 1972 Sepa-

405 2002 643 2059 ratum
678 2002 828 2075 est,
864 1988 1065 2085 quod
1094 2014 1247 2061 non
1284 2014 1373 2061 ex
1409 1990 1566 2088 ipsa
1601 2012 1814 2060 causa
1851 1988 2154 2059 ductum
2175 1999 2338 2072 est,
2363 2009 2500 2056 nec
2523 2039 2542 2074 ‚

408 2099 595 2169 sicut
628 2096 924 2195 aliquod
954 2098 1403 2185 membrum,
1446 2122 1810 2171 annexum
1848 2099 2178 2169 orationi.
2212 2096 2540 2166 Transla-

406 2222 565 2279 tum
583 2225 689 2280 est
708 2262 728 2297 ,
746 2208 948 2305 quod
976 2210 1169 2281 aliud
1196 2209 1491 2282 conficit
1511 2264 1532 2299 ‚
1555 2234 1776 2307 quam
1797 2232 2026 2280 causae
2044 2230 2276 2307 genus
2300 2221 2546 2303 postu-

404 2318 553 2390 lat:
592 2333 675 2390 ut
709 2320 769 2391 si
799 2320 964 2417 quis
991 2318 1300 2392 docilem
1338 2318 1548 2392 faciat
1585 2318 1990 2392 auditorem
2013 2373 2032 2408 ,
2070 2340 2301 2414 quum
2333 2314 2544 2388 beni-

406 2431 797 2502 volentiam
833 2455 1045 2501 causa
1070 2430 1512 2522 desiderat'73
1555 2445 1716 2518 aut,
1759 2433 1818 2502 si
1856 2431 2214 2528 principio
2255 2441 2551 2514 utatur,

409 2564 637 2638 quum
689 2541 1245 2612 insinuationem
1300 2567 1416 2612 res
1464 2541 1802 2640 postulat.
1863 2545 2136 2612 Contra
2186 2551 2542 2637 praecepta

408 2664 553 2740 est,
591 2647 789 2747 quod
824 2649 1004 2722 nihil
1030 2675 1286 2721 eorum
1314 2649 1572 2741 efficit,
1609 2675 1922 2749 quorum
1959 2673 2172 2721 causa
2208 2647 2297 2718 de
2327 2671 2540 2718 exor-

409 2758 544 2830 diis
596 2773 954 2857 praecepta
1016 2759 1405 2831 traduntur
1461 2787 1476 2828 ε
1523 2759 1667 2832 hoc
1711 2775 1858 2848 est,
1908 2759 2110 2857 quod
2152 2783 2362 2844 eum,
2410 2761 2540 2855 qui

409 2867 607 2938 audit
626 2923 643 2958 ‚
688 2893 928 2967 neque
989 2867 1444 2961 benivolum,

408 3051 484 3088 ese
495 3055 515 3088 .·
530 3051 579 3087 et
595 3039 667 3086 sic
684 3039 811 3087 MSS
824 3040 967 3086 Voss.
984 3038 1119 3088 Leid.
1137 3055 1429 3104 quamquam

407 3119 461 3168 in
484 3120 581 3170 hoc
604 3117 895 3166 commodet.
922 3119 1137 3167 Enitar.
1155 3147 1225 3156 —
1242 3121 1427 3169 Contra

406 3195 663 3246 Schiitzius
690 3194 945 3244 contendit
986 3197 1305 3258 conjunctivo
1344 3195 1427 3244 hie

406 3277 569 3325 locum
596 3292 699 3324 non
726 3291 851 3333 esse,
888 3273 1153 3340 scribitque
1180 3288 1423 3324 commen·

406 3357 500 3404 dae
522 3370 635 3403 enm
658 3355 855 3402 Lanam.

480 3444 529 3492 4.
580 3432 711 3482 Vitia
750 3431 857 3481 hoee
894 3444 1027 3482 sune.
1045 3431 1421 3483 ..exordiorum-

408 3513 485 3562 Cf.
508 3515 624 3562 Her.
642 3513 667 3559 1
681 3547 697 3574 ‚
718 3529 743 3573 7
756 3547 769 3560 .

480 3591 531 3641 5.
562 3591 774 3656 Vulgare
798 3599 885 3638 est.
906 3591 1003 3639 nio
1024 3591 1178 3638 sexies
1200 3601 1273 3639 est
1292 3607 1426 3657 repe-

402 3671 542 3720 titur.
580 3671 639 3717 In
676 3669 769 3718 MS
788 3672 920 3720 Cass.
950 3681 1159 3735 quatuor
1183 3671 1319 3738 abest
1339 3687 1352 3719 τ
1373 3673 1427 3719 in

401 3751 510 3799 aliis
540 3751 690 3809 MSS,
716 3748 867 3798 modo
896 3749 1099 3798 diversis
1124 3749 1425 3799 lociszunde

404 3831 629 3895 suspicor
646 3831 791 3878 etiam
818 3829 989 3878 ceteris
1009 3829 1132 3878 locis
1156 3830 1321 3878 abesse
1342 3831 1424 3879 de·

402 3907 521 3958 bere
536 3947 551 3973 ,
576 3920 633 3957 ut
657 3925 803 3973 supra
822 3911 923 3970 jam
946 3909 1066 3959 dixi.
1089 3911 1425 3974 Inter-punctio

402 3988 582 4037 vitiosa
595 4023 612 4048 ,
624 3989 763 4052 quod
778 4005 953 4054 nempe
978 3999 1092 4053 post
1111 4005 1427 4053 unamquam-

406 4082 503 4133 que
542 4065 877 4118 definitionem
916 4078 1155 4133 punctum
1192 4071 1427 4133 scriptum

1517 2895 1760 2968 neque
1826 2884 2184 2942 attentum
2202 2925 2221 2958 ‚
2299 2893 2542 2966 neque

1517 3039 1639 3097 snit,
1663 3039 1751 3086 has
1787 3037 2100 3104 repetitiones
2125 3036 2370 3102 peperisse
2393 3037 2539 3084 vide-

1518 3129 1600 3166 tur
1620 3127 1674 3167 ut
1688 3117 1782 3166 elia
1805 3118 1943 3166 vitia.
1961 3119 2086 3165 Em«.
2098 3143 2164 3152 -—
2180 3117 2312 3164 Vide
2321 3120 2540 3166 Hereum.

1516 3198 1563 3256 1,
1587 3213 1638 3258 7.

1586 3277 1636 3324 6.
1661 3275 1925 3324 Commune
1945 3285 2029 3322 est.
2071 3271 2269 3324 schiitz.
2297 3273 2366 3322 ibi
2407 3275 2536 3325 delet

1512 3367 1585 3404 est
1596 3391 1613 3415 ,
1633 3353 1762 3402 sicut
1779 3363 1892 3419 post
1920 3353 2264 3402 commutabile
2275 3390 2290 3410 ,
2309 3355 2506 3420 longum
2520 3390 2537 3415 ,

1513 3445 1793 3500 separatum
1809 3451 1830 3492 ,-
1859 3433 1989 3482 idem
2026 3434 2142 3482 iacit
2183 3434 2382 3482 Lnllem.
2407 3436 2537 3484 Vide

1513 3516 1728 3564 Herenn.
1749 3517 1772 3562 1
1790 3549 1806 3576 ‚
1825 3531 1850 3576 7
1862 3547 1878 3574 ‚
1894 3514 2018 3562 ibid.
2047 3514 2107 3562 de
2126 3515 2462 3563 commutabili
2485 3526 2536 3563 et

1514 3594 1707 3643 ceteris.

1589 3689 1635 3734 7.
1661 3672 1997 3721 Desiderat...
2021 3673 2265 3737 postulae.
2285 3673 2408 3722 Cod.
2427 3675 2534 3723 Err.

1513 3761 1562 3800 et
1587 3751 1774 3800 Canch.
1808 3751 2070 3800 desideret.
2091 3785 2106 3799 .
2127 3784 2142 3799 .
2181 3753 2412 3816 postulet.
2455 3753 2540 3802 Sic

1513 3842 1565 3880 et
1589 3831 1716 3880 MSS
1737 3830 1965 3879 Oudend.
1994 3843 2044 3880 et
2076 3830 2320 3878 Victoria.
2343 3830 2437 3878 Sed
2457 3831 2538 3879 in·

1515 3909 1782 3959 dicativum
1815 3927 1926 3958 cum
1963 3910 2189 3958 Ernestio
2217 3911 2542 3974 servavimus,

1515 3991 1628 4054 qnia
1651 4006 1802 4056 quum
1826 3989 1878 4038 h.
1901 3989 1936 4037 Ι.
1963 3987 2109 4037 habet
2129 3987 2540 4054 significationem

1515 4069 1748 4134 mpori·
1767 4079 1817 4118 et
1843 4067 1961 4116 loci.
1990 4067 2109 4116 Sca.
