2982 4682
719 356 852 426 AD
901 355 1490 444 HERENNIUM,
1538 357 1807 428 LIBER
1856 359 1992 446 lv,
2046 357 2162 430 33.
2378 359 2507 432 231

463 475 868 553 Intellectio
893 471 925 524 ⁸
957 492 1066 550 est
1089 531 1110 564 ‚
1146 503 1376 576 quum
1418 503 1535 552 res
1572 492 1725 551 tota
1760 503 1979 577 parva
2014 476 2108 552 de
2146 494 2353 578 parte
2386 505 2513 556 co·

367 589 758 686 gnoscitur‚
793 603 920 661 aut
945 588 1038 660 de
1069 603 1226 661 toto
1265 613 1431 689 pars
1457 601 1513 659 9.
1548 595 1659 662 De
1692 606 1897 689 parte
1930 606 2165 662 totum
2202 594 2263 664 si
2300 592 2513 666 intel·

368 700 656 798 ligitur:
679 729 714 766 α
741 703 904 772 Non
937 699 1072 772 illae
1099 715 1174 772 te
1194 699 1557 800 nuptiales
1587 700 1776 772 tibiae
1796 711 1863 745 ¹0
1884 700 2039 803 ejus
2073 702 2515 774 matrimonii

367 811 1030 884 commonebanti'»
1063 813 1246 884 Nam
1281 809 1404 883 hic
1433 815 1674 884 omnis
1710 813 2185 884 sanctimonia
2220 814 2515 910 nuptia·

365 945 528 1007 rum
549 975 570 1010 ,
615 946 770 992 uno
815 923 1024 1019 signo
1061 920 1406 993 tibiarum
1463 922 1907 1020 intelligitur.
1959 926 2071 994 De
2120 935 2279 995 toto
2314 948 2515 1020 pars,

365 1046 448 1104 ut
479 1033 542 1104 si
577 1036 742 1130 quis
777 1034 884 1120 ei,
921 1033 1048 1130 qui
1080 1033 1422 1104 vestitum
1465 1047 1593 1104 aut
1626 1048 1960 1104 ornatum
2000 1047 2509 1130 sumptuosum

363 1156 720 1230 ostentet,
784 1141 974 1214 dicat
1021 1171 1038 1212 :
1103 1175 1138 1209 α
1165 1146 1507 1216 Ostentas
1562 1143 1737 1214 mihi
1793 1143 2077 1215 divitias
2093 1196 2127 1241 ,ο
2170 1156 2247 1214 et
2304 1139 2509 1214 locu-

363 1252 592 1349 pletes
663 1254 906 1351 copias
975 1255 1194 1348 jactas
1219 1283 1274 1326 n.
1335 1254 1448 1326 Ab
1514 1280 1669 1326 uno
1734 1255 1941 1354 plura
2004 1253 2511 1350 intelliguntur

363 1361 504 1436 huc
539 1362 838 1435 mod0¹¹
878 1391 895 1435 ε
941 1393 978 1430 α
1017 1371 1246 1438 Poeno
1281 1363 1422 1436 fuit
1453 1370 1819 1465 Hispanus
1852 1367 2159 1451 auxili0‚
2202 1363 2343 1438 fuit
2380 1365 2511 1436 im-

362 1474 594 1545 manis
635 1473 756 1545 ille
792 1475 1306 1572 Transalpinus
1343 1504 1360 1546 :
1415 1481 1493 1548 in
1529 1478 1729 1548 Italia
1766 1500 2069 1575 quoque
2098 1474 2289 1546 idem
2324 1499 2508 1546 non-

359 1607 580 1655 nemo
619 1599 908 1683 togatus
943 1589 1244 1658 sensit».
1293 1592 1354 1657 A
1383 1587 1711 1686 pluribus
1748 1611 1981 1658 unum
2020 1587 2123 1658 sic
2172 1585 2504 1682 intelligi-

359 1707 480 1764 tur
510 1705 572 1740 ¹²
605 1721 624 1764 τ
657 1725 692 1760 α
727 1700 952 1766 Atrox
1004 1696 1372 1768 calamitas
1417 1713 1715 1794 pectora
1768 1721 2089 1769 moerore
2144 1695 2500 1794 pulsabat.

359 1809 610 1901 Itaque
637 1803 984 1878 anhelans
1019 1829 1108 1878 ex
1149 1808 1312 1877 imis
1336 1806 1815 1904 pulmonibus
1834 1830 1981 1905 prae
2010 1829 2183 1876 cura
2211 1805 2504 1903 spiritus

359 1911 764 1987 ducebatur
776 1947 830 1985 ».
887 1920 1066 1988 Nam
1111 1919 1190 1988 in
1227 1916 1727 2014 superioribus
1760 1915 2007 2016 plures
2051 1917 2393 2012 Hispani,
2430 1929 2501 1986 et

359 2024 577 2110 Galli,
615 2041 692 2096 et
725 2032 982 2126 togati,
1017 2029 1136 2100 hic
1159 2053 1408 2112 =unum
1449 2043 1707 2127 pectus
1740 2042 1811 2099 et
1854 2049 2049 2098 unus
2096 2023 2349 2122 pulmo
2392 2027 2499 2094 in·

354 2135 720 2234 telligitur‚
757 2153 830 2209 et
867 2140 1003 2212 erit
1029 2139 1188 2210 illie
1223 2139 1631 2210 diminutus
1672 2161 2023 2208 numerus
2058 2133 2495 2220 festivitatis»,

357 2243 474 2318 hic
516 2248 864 2321 >adauctus
907 2251 1274 2349 gravitatis
1318 2254 1562 2349 gratia.

449 2356 798 2449 Abusio!³
843 2375 991 2448 est,
1045 2386 1206 2459 quae
1247 2361 1475 2433 verbo
1519 2359 1731 2431 simili
1776 2374 1849 2431 et
1890 2360 2313 2457 propinquo
2358 2380 2491 2453 pro

351 2480 551 2538 certo
586 2485 662 2539 et
697 2472 1002 2568 proprio
1025 2470 1376 2559 abutitur,
1407 2471 1551 2543 hoc
1586 2469 1809 2541 modo
1839 2498 1855 2541 :
1888 2500 1921 2534 α
1950 2470 2154 2539 Vires
2182 2467 2493 2537 hominis

351 2574 604 2658 breyes
627 2595 836 2669 suut,
864 2594 990 2651 aut
1018 2605 1240 2678 parva
1267 2596 1574 2667 statura,
1601 2595 1727 2651 aut
1758 2579 2059 2677 longum
2088 2580 2163 2647 in
2192 2577 2491 2648 homine

349 2688 763 2778 'consilium3
797 2732 894 2747 --
923 2706 1049 2763 aut
1075 2695 1310 2763 oratio
1345 2716 1607 2788 magna
1631 2746 1650 2779 ‚
1668 2732 1765 2745 --
1790 2704 1918 2761 aut
1946 2691 2053 2759 uti
2087 2712 2320 2785 pauco
2344 2711 2485 2757 ser-

419 2844 468 2893 8.
507 2846 809 2909 Ιηωῖἱσεείο,
853 2840 1131 2911 συναὸοχῆ.
1165 2846 1374 2910 Quintil.
1463 2850 1690 2904 Veteres,
1724 2855 1780 2893 ut
1803 2844 1936 2909 apud
1954 2844 2111 2892 Tacit.
2136 2842 2225 2891 lib.
2248 2844 2349 2900 xl,
2378 2858 2487 2907 cap.

351 2924 452 2983 IX,
480 2926 528 2975 3.
1465 2926 1553 2975 28.
1586 2928 1716 2974 Bau.

415 3019 471 3069 9.
496 3008 603 3052 Aut
635 3005 699 3055 de
741 3016 846 3055 toto
877 2970 1009 3072 pure.
1042 3006 1160 3055 Seb.
1190 3006 1330 3055 addit
1357 3038 1376 3063 ‚
1544 3021 1624 3053 n.
1651 3004 1735 3053 Ab
1780 3018 1878 3049 uno
1914 3003 1985 3067 pl.
2019 3000 2355 3065 intelliguntur
2392 3000 2483 3049 hoc

347 3093 466 3131 «aut
497 3082 562 3132 ab
603 3100 707 3133 uno
744 3086 914 3149 plura,
955 3096 1039 3133 aut
1073 3102 1102 3133 a
1141 3086 1366 3150 pluribus

347 3176 495 3210 unum
511 3184 556 3211 a.
581 3165 732 3223 Hae,
759 3164 946 3227 inquit,
969 3164 1146 3213 absunt
1166 3181 1192 3213 a
1216 3164 1368 3213 codd.

345 3240 466 3291 MSS
489 3252 539 3290 et
563 3241 678 3292 edd.
699 3242 797 3291 Sed
820 3244 1089 3293 necessario
1110 3243 1364 3293 inserenda

342 3320 540 3369 fuernnt
557 3356 572 3377 ,
599 3338 662 3371 ne
684 3338 852 3370 manca
871 3332 996 3372 esset
1011 3325 1242 3389 partium,
1255 3339 1366 3387 quoe

341 3398 516 3448 deinde
543 3411 832 3462 tractantur,
849 3405 1165 3453 enumeratio.
1184 3430 1256 3441 —-
1276 3402 1366 3451 Ni-

339 3478 408 3526 hil
431 3480 738 3530 anundum.
765 3482 931 3544 Quum
955 3498 1060 3531 uno
1091 3484 1272 3531 multo·
1301 3484 1364 3530 si-

337 3557 570 3621 gnifieat,
591 3576 760 3609 nonne
785 3572 974 3626 partein
997 3578 1096 3628 pro
1121 3574 1230 3611 toto
1269 3578 1364 3626 po·

337 3640 413 3687 nia
427 3642 450 3687 Ρ

409 3732 489 3767 ιο.
530 3718 789 3784 Nuptiales
828 3720 977 3770 tibiae.
1021 3720 1260 3769 Referunt
1297 3720 1360 3769 ad

335 3796 476 3845 tibiae
503 3798 556 3845 in
582 3800 878 3848 carminibus
904 3800 1250 3849 Feseenuiuis:
1273 3800 1358 3849 sed

336 3876 386 3923 in
419 3876 496 3923 hia
523 3876 657 3926 nulla
683 3882 912 3928 sanctitas
935 3880 1142 3943 intelligi
1177 3890 1356 3943 potest.

335 3955 494 4003 Immo
535 3958 786 4023 pertinent
824 3958 890 4008 ad
932 3956 1224 4008 sacrificium
1241 3974 1354 4007 nu·

341 4034 486 4095 ptinle
502 4072 520 4099 ,
557 4037 612 4083 in
639 4052 743 4100 quo
763 4038 945 4086 tibicen
968 4036 1244 4088 adhibetur.
1273 4039 1358 4085 Sa·

341 4110 512 4162 erifieii
555 4114 790 4181 nuptialia
827 4119 1012 4166 mentio
1056 4132 1182 4183 caepe
1225 4116 1360 4181 apud

1453 3062 1619 3133 mo‘do.
1650 3080 1883 3131 Oudend.
1909 3082 2070 3145 placet
2096 3082 2247 3131 deleri
2266 3103 2290 3122 ιι
2306 3079 2481 3128 intelli-

1453 3174 1636 3228 guntur
1655 3182 1710 3221 ιι,
1748 3160 1887 3224 quod
1917 3160 2052 3209 abest
2082 3156 2145 3209 ab
2181 3158 2299 3209 edit.
2324 3160 2475 3221 1475.

1452 3243 1613 3293 Abest
1644 3243 1791 3291 etiam
1830 3256 1859 3289 a
1902 3242 2115 3292 mediol.
2148 3243 2313 3305 1498,
2341 3241 2481 3289 Junt.

1451 3326 1559 3387 Ego
1577 3324 1737 3371 malim
1764 3322 1819 3371 in
1842 3321 1999 3370 altero
2024 3322 2302 3386 partitionis
2329 3334 2485 3369 mem·

1452 3401 1549 3451 bro
1596 3402 1749 3450 deleri
1789 3400 2165 3466 «intelligitur»
2205 3416 2220 3451 :
2270 3415 2385 3449 num
2430 3400 2479 3447 in

1453 3484 1616 3545 primo
1649 3482 1775 3529 solet
1814 3482 2017 3530 verbnm
2052 3483 2207 3547 nepeti
2228 3518 2245 3543 ,
2287 3493 2338 3531 et
2370 3483 2481 3529 «in-

1451 3560 1725 3625 telligitur-
1750 3560 1933 3624 pariter
1964 3560 2103 3609 abent
2142 3576 2171 3609 a
2208 3561 2301 3609 MS
2340 3560 2477 3609 Laid.

1451 3641 1677 3689 Eunu-r.

1526 3734 1606 3768 n.
1656 3721 1704 3765 A
1748 3718 1973 3781 pluribus
2018 3735 2167 3767 unum
2210 3718 2281 3767 sic
2324 3718 2478 3767 intell.

1447 3798 1560 3847 seh.
1589 3797 1720 3846 delet
1758 3798 2093 3863 «intelligitur
2108 3820 2135 3841 a·
2150 3832 2167 3857 ,
2192 3796 2359 3862 qnod,
2396 3799 2476 3845 iu·

1444 3879 1584 3941 quit,
1606 3876 1751 3927 debet
1774 3892 1803 3925 u
1830 3878 2223 3943 precedentibus
2240 3877 2477 3941 intelligi,

1445 3972 1547 4006 non
1570 3958 1737 4005 scribi.

1526 4038 1609 4086 13.
1642 4034 1842 4085 Abtm'o.
1870 4039 1937 4085 Ea
1966 4048 2037 4084 est
2065 4036 2367 4086 eet-obruis.
2401 4036 2475 4085 De

1449 4132 1545 4181 qun
1566 4118 1743 4181 Quint.
1765 4118 1887 4164 vm
1906 4154 1919 4179 ‚
1950 4118 2001 4164 6.
