2982 4682
749 349 874 418 AD
921 350 1514 435 ΗΕΒΕΝΝΙΠΜ,
1565 349 1834 456 LIBER
1882 351 1985 436 ΙΙ,
2033 370 2149 418 ao.
2416 347 2503 420 85

375 471 808 569 amplissima
833 487 964 543 ‘est
995 472 1525 570 argumentatio
1561 472 2192 569 quinquepartita3
2239 468 2507 542 brevis-

345 583 552 652 ‘sima
579 596 688 654 est
717 583 1068 680 tripartita
1088 571 1198 626 ¹⁵·
1179 637 1200 668 ‚
1259 582 1680 668 mediocriS‚
1712 578 1995 654 sublata
2027 595 2153 652 aut
2196 603 2502 652 exorna-

371 690 572 762 tione
609 705 734 762 aut
773 691 1319 789 complexione,
1369 689 1913 790 quadripartita.

467 803 622 871 XX.
645 801 792 896 (xx.
797 800 1012 897 )Duo
1028 826 1294 899 genera
1313 817 1486 874 sunt
1504 802 1928 874 vitiosarum
1956 807 2505 897 argumentatio-

281 911 286 916 ’
349 934 602 986 ,numz
637 936 908 1000 unum,
945 913 1150 1010 quod
1183 912 1276 985 ab
1309 911 1718 988 adversario
1754 910 2193 1010 reprebendi
2232 927 2501 1008 potest,

367 1019 590 1118 idque
633 1026 958 1120 pertinet
1011 1023 1104 1096 ad
1163 1038 1448 1096 causam
1498 1051 1513 1094 :
1566 1023 1879 1096 alterum
1900 1077 1923 1110 ‚
1962 1022 2165 1119 quod
2218 1024 2500 1094 tametsi

367 1134 831 1228 nugatorium
865 1148 1008 1219 est,
1047 1147 1293 1206 tamen
1325 1158 1476 1205 non
1522 1132 1797 1231 indiget
1826 1144 1846 1176 ¹
1887 1131 2493 1229 reprehensionis.

365 1241 548 1328 Quae
591 1241 767 1329 sint,
815 1267 978 1339 quae
1027 1243 1595 1340 reprehensione
1658 1240 2019 1315 confutari
2074 1245 2498 1326 conveniat,

363 1373 530 1446 quoe
563 1355 778 1424 tacite
807 1355 1183 1427 contemni
1198 1368 1419 1451 atque
1438 1355 1643 1426 vitari
1666 1367 1693 1399 ²
1718 1354 1871 1424 sine
1890 1352 2454 1450 reprehensione
2480 1405 2498 1440 ,

362 1460 502 1530 nisi
543 1462 873 1561 exempla
907 1461 1284 1560 subjecero
1300 1461 1354 1550 ³,
1373 1463 1777 1562 intelligere
1813 1461 2126 1535 dilucide
2170 1487 2320 1534 non
2366 1487 2495 1560 po·

363 1573 560 1640 teris.
623 1575 790 1643 Haec
851 1573 1218 1670 cognitio4
1290 1575 1707 1646 vitiosarum
1790 1573 2497 1669 argumentationum

361 1677 726 1779 duplicem
783 1682 1166 1754 utilitatem
1213 1681 1468 1755 afferet
1512 1711 1529 1753 z
1576 1708 1747 1754 nam
1784 1696 1859 1752 et
1902 1683 2125 1752 vitare
2168 1671 2249 1751 in
2286 1705 2495 1779 argu-

357 1791 806 1862 mentatione
861 1793 1116 1862 vitium
1163 1791 1585 1865 admonebit
1606 1847 1626 1880 ‚
1676 1806 1750 1863 et
1787 1789 1879 1862 ab
1927 1791 2081 1862 aliis
2126 1815 2278 1862 non
2316 1795 2493 1864 vita·

359 1911 516 1972 tum
550 1899 936 1973 commode
963 1901 1499 2000 reprehendere
1532 1901 1847 1973 docebit.
1877 1900 2241 1989 Quoniam
2271 1903 2490 2000 igitur

357 2009 848 2098 ostendimuS‚
898 2008 1292 2109 perfectam
1334 2026 1406 2082 et
1450 2011 1743 2109 plenam
1790 2011 2493 2105 argumentationem

356 2145 448 2191 ex
491 2121 824 2218 quinque
869 2120 1194 2218 partibus
1256 2122 1641 2201 constare..'
1667 2122 1745 2193 in
1796 2137 2263 2217 unaquaque'
2292 2135 2491 2216 parte

353 2231 1002 2326 argumentationis
1041 2255 1203 2328 quae
1239 2232 1409 2302 vitia
1459 2228 1751 2304 vitanda
1800 2219 2040 2316 sint⁵‚
2086 2228 2491 2318 considere-

353 2364 516 2410 mus
559 2368 576 2415 :
613 2354 700 2412 ut
727 2355 801 2412 et
837 2340 976 2438 ipsi
1005 2339 1098 2411 ab
1135 2340 1248 2413 his
1285 2340 1474 2413 vitiis
1504 2340 1879 2449 recedere,
1936 2354 2011 2412 et
2040 2338 2487 2413 adversario-

351 2475 514 2523 rum
571 2452 1257 2549 argumentationes·
1241 2446 1420 2524 ·⁴hac
1468 2454 1952 2551 praeceptione
2010 2452 2089 2521 in
2144 2450 2488 2528 omnibus

350 2560 686 2659 partibus
714 2576 1031 2651 tentare,
1072 2576 1148 2634 et
1179 2562 1274 2635 ab
1315 2562 1552 2659 aliqua
1588 2576 1793 2661 parte
1837 2558 2263 2639 labefactare
2312 2586 2483 2663 pos-

351 2674 599 2745 simus

423 2808 507 2861 15.
533 2811 823 2861 Brevissima
851 2822 923 2861 ese
951 2806 1218 2877 stipat-iim.
1255 2812 1370 2863 Seh.
1458 2824 1509 2861 et
1535 2813 1697 2877 1498,
1722 2822 1867 2875 atque
1892 2812 1961 2859 ita
1978 2811 2203 2875 placebat
2220 2816 2417 2863 Graevio
2438 2828 2489 2863 et

349 2888 482 2939 edet
508 2902 594 2941 ese.
1456 2891 1685 2941 Oudend.
1707 2892 1779 2939 Ee
1787 2906 1839 2938 ιι.

416 2972 537 3025 11.
575 2986 624 3019 1.
668 2971 782 3019 Non
825 2970 928 3021 ind.
965 2969 1368 3036 reprehensionis.
1532 2980 1581 3025 4.
1621 2970 1741 3017 Hoee
1794 2966 2010 3033 cognitio
2062 2966 2357 3017 vitiosarum
2386 3007 2397 3018 .
2422 3008 2434 3020 .
2458 3007 2471 3021 .

347 3048 512 3113 Vulgo
540 3046 928 3115 reprehensione.
965 3050 1097 3099 nlud
1125 3050 1178 3102 J.
1208 3052 1365 3099 Gron.
1455 3047 1801 3115 reprehendere
1847 3046 2055 3095 docebit.
2085 3049 2231 3109 Haec,
2274 3060 2331 3097 ut
2364 3066 2481 3114 spn-

343 3128 600 3193 repes-iun
620 3128 747 3178 MSS
769 3128 955 3179 Medic.
981 3130 1114 3179 Oud.
1142 3130 1198 3177 iu
1223 3129 1330 3177 aliis
1347 3162 1365 3189 ,
1452 3128 1557 3188 ria,
1595 3124 1849 3175 Sehiitziua
1884 3125 2077 3176 recidit.
2102 3126 2285 3175 Eadem
2311 3130 2441 3179 enim
2462 3166 2479 3189 ,

343 3223 436 3256 uos
457 3208 512 3255 in
537 3208 676 3261 Cort.
706 3206 843 3273 quod
869 3219 966 3268 est,
995 3220 1052 3257 ut
1085 3208 1367 3257 Gronovius

343 3286 561 3346 monuit,
577 3287 888 3336 consentiens
911 3286 1256 3335 consuetudini
1281 3303 1367 3335 au-

340 3365 494 3415 ctoris
543 3368 600 3415 in
645 3366 882 3416 struendo
931 3366 1082 3425 verbo
1126 3364 1360 3430 indigere.

288 3446 297 3456 “
339 3446 494 3495 Favet
513 3444 660 3495 etiam
683 3455 966 3503 contextus,
981 3460 1135 3510 quum
1154 3460 1274 3493 mox
1290 3461 1362 3493 se-

336 3536 518 3590 quatur
533 3524 1057 3590 reprehensioneAEsu.
1077 3540 1220 3589 quem
1241 3523 1358 3577 sch.

336 3616 574 3669 sequutus
598 3614 689 3655 est.
719 3606 795 3653 De
830 3604 1205 3669 reprehensione
1257 3602 1358 3653 vid.

335 3684 451 3731 infr.
473 3698 566 3743 213
587 3684 693 3733 Cic.
712 3682 775 3732 de
791 3686 900 3733 Inv.
914 3686 939 3731 1
955 3717 971 3742 ‚
993 3690 1075 3739 42.

405 3778 460 3809 2.
489 3760 666 3811 Vitari,
684 3762 877 3811 omitti.

407 3842 458 3891 3.
488 3838 601 3889 Nisi
622 3842 852 3905 exempla
872 3838 1140 3905 subjecero,
1184 3837 1359 3887 intelli·

325 3935 449 3983 gere
467 3918 679 3969 diiacide
689 3936 790 3968 non
804 3919 1006 3985 poteris.
1027 3919 1245 3967 Fecimus
1263 3918 1362 3967 nisi

331 4014 360 4044 e
383 3996 452 4057 si,
477 4009 528 4047 et
561 3997 842 4049 addidimus
865 4015 966 4047 nou
996 4015 1024 4046 e
1068 3999 1192 4047 Mss
1223 4000 1356 4062 opti-

331 4076 424 4129 miz
443 4086 494 4125 et.
517 4076 632 4128 edd.
659 4094 736 4151 pr.
759 4087 819 4126 ut
845 4084 975 4138 1474
994 4111 1012 4137 ,
1050 4074 1184 4125 Med.
1221 4084 1352 4141 ¹474

1452 3204 1647 3271 inquit,
1672 3206 1833 3253 statim
1860 3206 2079 3253 ornatius
2108 3205 2343 3255 dicuutur
2363 3243 2378 3267 ,
2424 3223 2479 3259 ut

1452 3285 1531 3334 bis
1554 3285 1784 3349 deinceps
1810 3284 1941 3333 idem
1966 3283 2153 3334 dictum
2177 3302 2281 3335 esse
2310 3286 2372 3335 ab
2394 3306 2479 3339 an-

1451 3376 1589 3415 etem
1609 3380 1713 3413 unu
1729 3366 1794 3413 sit
1814 3364 2063 3413 credibile.

1525 3441 1575 3495 5.
1630 3447 1753 3509 Qua
1786 3443 1915 3492 vitia
1959 3444 2179 3493 vitanda
2214 3444 2329 3495 sint.
2380 3449 2475 3497 Pro

1449 3523 1583 3587 vulg.
1598 3534 1729 3585 sunt,
1742 3522 1881 3587 quod
1892 3524 2017 3571 ratio
2036 3524 2251 3588 primum
2275 3524 2445 3576 docuit
2458 3564 2473 3587 ,

1447 3614 1565 3667 post
1584 3620 1613 3651 e
1635 3604 1727 3653 MS
1751 3603 1893 3652 Cort.
1917 3613 1967 3651 et
2001 3618 2082 3667 ep.
2124 3602 2255 3652 Oud-
2295 3622 2323 3651 e
2350 3608 2474 3656 MSS

1448 3682 1590 3731 Laid.
1616 3693 1841 3731 notatum
1879 3684 2052 3747 reperi.
2081 3684 2251 3747 Itaque
2293 3689 2471 3751 recepi.

1447 3760 1577 3811 Eut.
1595 3788 1667 3799 —-
1688 3764 1925 3810 Gruterus
1942 3795 1959 3821 ,
1986 3772 2121 3811 sunt.
2145 3761 2227 3808 Sic
2246 3796 2262 3819 ‚
2277 3764 2362 3826 inq
2370 3764 2443 3813 nit
2461 3800 2475 3823 ‚

1447 3840 1563 3889 libri
1576 3856 1746 3888 omnes
1766 3839 1884 3887 olim
1906 3839 2054 3899 editi,
2073 3838 2251 3886 nedum
2276 3844 2475 3905 scripti,

1445 3918 1541 3966 nisi
1584 3918 1723 3983 quod
1763 3917 1868 3966 Pal.
1921 3933 1997 3982 pr.
2044 3916 2336 3965 destituatur
2384 3920 2473 3969 illo

1445 3996 1575 4045 vitia
1594 4014 1618 4055 ;
1669 4006 1719 4044 et
1760 3995 1925 4045 abesse
1970 4006 2144 4063 potest.
2202 3995 2477 4060 Stephanus

1445 4084 1591 4146 etque
1611 4074 1863 4125 Manutius
1880 4094 1905 4118 ι
1928 4074 2045 4130 vitia
2072 4072 2299 4125 evitanda
2316 4097 2363 4129 ι»,
