2982 4682
843 311 972 380 Ao
1020 309 1615 398 HERENNIUM‚
1666 313 1929 384 LIBER
1982 315 2118 400 111,
2157 313 2226 384 6.
2472 317 2603 388 125

472 431 610 520 bit,
657 431 772 502 his
805 430 982 502 locis
1017 445 1265 502 utetur
1311 457 1326 500 τ
1375 432 1657 506 Nullam
1702 459 1857 506 rem
1900 436 2261 508 utiliorem
2300 463 2455 511 esse
2492 443 2597 511 iu·

469 541 890 613 columitate
933 565 949 610 t
991 538 1385 612 virtutibus
1426 545 1533 612 uti
1571 548 1941 616 nerninem
1981 570 2227 644 posse,
2269 553 2397 646 qui
2438 575 2605 622 suas

469 654 782 723 rationes
818 651 893 722 in
929 665 1098 722 tuto
1133 675 1286 722 non
1323 651 1691 726 collocarit
1720 682 1735 724 z
1770 679 1863 727 ne
1898 654 2075 728 deos
2111 657 2407 754 quidem
2446 685 2604 733 esse

466 762 734 834 auxilio
769 763 890 848 iis»,
935 763 1066 858 qui
1109 785 1184 833 se
1221 763 1639 836 inconsulto
1668 765 1744 834 in
1772 765 2173 862 periculum
2198 764 2229 810 ³
2258 768 2551 840 mittant
2582 798 2597 840 ε

467 871 858 942 honestum
899 868 1079 942 nihil
1116 885 1456 969 oportere
1510 873 1940 958 existimari,
1981 874 2187 971 quod
2232 901 2385 948 non
2419 879 2603 948 saln-

465 997 612 1054 tem
652 984 904 1080 pariat.
948 983 1098 1072 Qui
1140 995 1312 1052 tutae
1361 983 1467 1053 rei
1524 999 1899 1082 praeponet
1950 987 2305 1057 rationem
2368 985 2603 1060 hone·

466 1107 649 1163 stam
670 1147 690 1180 ‚
725 1091 838 1164 his
859 1093 1046 1164 ‘locis
1071 1105 1363 1163 utetur:
1403 1093 1766 1164 Virtutem
1796 1094 2000 1165 nullo
2030 1109 2363 1193 tempore
2384 1096 2601 1168 relin-

463 1202 830 1300 quendam
861 1201 1018 1272 :vel
1051 1201 1419 1290 dolorem,
1455 1204 1516 1273 si
1546 1201 1657 1273 is⁴
1688 1205 2066 1290 timeatur3
2101 1204 2214 1277 vel
2247 1220 2597 1294 mortem,

463 1315 524 1384 si
561 1338 644 1387 ea
674 1311 1132 1402 formidetur,
1173 1309 1531 1384 dedecore
1570 1327 1643 1384 et
1686 1311 1977 1384 infamia
2011 1314 2353 1388 leviorem
2396 1339 2549 1387 esse
2584 1343 2601 1386 τ

463 1413 999 1510 considerare⁵‚
1026 1445 1190 1519 quae
1225 1425 1315 1493 sit
1343 1422 1725 1521 turpitudo
1758 1439 2329 1521 consequutura3
2356 1441 2429 1497 at
2447 1450 2599 1497 non

465 1534 1107 1620 immortalitatem,
1152 1557 1394 1630 neque
1428 1548 1767 1604 aeternam
1808 1533 2379 1608 incolumitatem
2428 1560 2601 1608 con-

464 1640 722 1743 sequi⁶
769 1672 786 1715 :
845 1669 978 1716 nec
1035 1643 1737 1740 esse“exploratum‚
1788 1645 1914 1716 illo
1961 1647 2182 1716 vitato
2236 1646 2599 1744 periculo,

463 1755 744 1828 nullum
765 1760 840 1827 in
869 1755 1063 1827 aliud
1083 1755 1486 1852 periculum
1510 1769 1853 1826 venturos
1867 1764 1899 1816 7
1919 1755 2213 1826 :virtute
2234 1752 2383 1828 vel⁸
2404 1758 2596 1830 ultro

461 1865 552 1938 ad
607 1883 916 1940 mortem
965 1861 1367 1965 proficisci,
1423 1889 1577 1936 esse
1645 1865 2067 1962 praeclarum
2110 1893 2125 1935 :
2183 1864 2594 1939 fortitudini

462 1975 830 2050 fortunam
874 2000 1172 2074 quoque
1210 1999 1363 2047 esse
1398 1974 1824 2070 adjumento
1875 1975 2104 2046 solere
2154 2002 2170 2045 ε
2224 1999 2391 2046 eum
2440 1993 2595 2050 tute

349 2143 354 2148 .
459 2089 730 2178 vivere,
779 2089 908 2184 qui
944 2084 1250 2157 honeste
1283 2087 1503 2170 vivat,
1546 2108 1697 2154 non
1728 2086 1857 2181 qui
1886 2087 1961 2154 in
1988 2086 2367 2184 praesentia
2398 2091 2593 2158 inco-

461 2198 676 2270 lumis
720 2200 812 2270 sit
849 2225 866 2268 ε
913 2213 988 2270 et
1022 2221 1225 2281 eum,
1266 2194 1398 2293 qui
1435 2196 1743 2293 turpiter
1780 2198 2005 2278 vivat,
2042 2193 2481 2267 incolumem
2517 2199 2595 2268 in

461 2323 895 2407 perpetuum
928 2331 1081 2380 esse
1113 2333 1264 2377 non
1285 2329 1517 2405 possse.
1539 2303 2193 2379 Conclusionibus9
2226 2304 2375 2378 fere
2404 2307 2593 2378 simi-

459 2418 650 2491 libus
685 2421 762 2490 in
797 2418 942 2506 his,
981 2433 1056 2491 et
1086 2416 1552 2513 judicialibus
1578 2426 1645 2461 ¹⁰
1673 2419 1905 2489 causis
1934 2418 2037 2489 uti
2069 2417 2415 2505 solemne,
2452 2420 2593 2489 nisi

457 2528 660 2627 quod
697 2530 772 2601 iu
811 2528 926 2600 his
975 2528 1282 2598 maxime
1341 2525 1687 2599 conducit
1743 2526 2279 2625 quamplurima
2344 2550 2589 2601 rerum

456 2655 625 2711 ante
655 2654 1016 2739 gestarum
1055 2637 1382 2735 exempla
1419 2634 1769 2735 proferre.

554 2750 895 2847 V1.(v1.)
953 2752 1166 2821 Nunc
1221 2746 1316 2818 ad
1377 2746 2025 2819 demonstrativum
2080 2746 2316 2845 'genus
2361 2771 2587 2819 causa:

459 2875 923 2932 transeamus,
947 2860 1332 2957 ,Quoniam
1367 2857 1520 2930 haec
1558 2882 1767 2929 causa
1804 2855 2154 2929 dividitur
2188 2860 2265 2927 in
2302 2857 2588 2930 laudem

1639 3096 1688 3143 6.
1711 3094 1824 3141 Non
1850 3092 2267 3142 immortalitatem
2298 3126 2311 3140 .
2334 3124 2347 3140 .
2369 3123 2382 3139 .
2418 3108 2593 3141 conse·

1566 3172 1667 3238 qui.
1694 3172 1773 3221 Ad
1800 3188 1991 3221 sensum
2017 3189 2045 3219 e
2076 3170 2388 3237 sequentibus
2410 3163 2496 3219 hic'
2514 3188 2589 3219 re·

1564 3252 1829 3317 petendum
1849 3264 1921 3301 ent
1941 3286 1959 3314 ,
1980 3274 2009 3294 α
2034 3251 2123 3301 ino
2137 3252 2289 3299 vitato
2306 3250 2528 3316 periculo
2542 3274 2587 3299 a.

1564 3331 1777 3381 Scau-rz-

1640 3424 1687 3469 7.
1724 3412 1973 3459 Venturos.
2006 3409 2136 3459 Edd.
2166 3418 2285 3457 vett.
2312 3428 2338 3450 .-
2362 3422 2467 3457 ωε
2492 3424 2585 3457 nos

455 3096 644 3147 bibebit
661 3118 707 3147 a.
739 3097 868 3147 Cod.
889 3099 1022 3163 Aug.
1050 3098 1214 3162 inquit
1236 3130 1252 3155 ,
1280 3118 1304 3138 ·
1321 3106 1476 3145 tutam

456 3178 694 3225 rationem
721 3178 762 3226 si
797 3178 908 3243 quis
945 3176 1224 3225 adhibuerit
1257 3196 1303 3222 a.
1349 3174 1476 3224 Cod.

455 3254 611 3304 Goth.
635 3266 828 3305 «tuum
863 3257 1102 3304 rationem
1131 3256 1172 3303 ai
1207 3254 1317 3319 quis
1339 3254 1478 3302 adhi-

457 3336 540 3385 bet
563 3358 609 3383 ι.
649 3336 724 3384 Ex
760 3334 931 3383 harum
969 3334 1238 3383 lectionum
1265 3333 1477 3396 vestigiis

455 3415 696 3480 vulgatam
711 3450 725 3475 ,
761 3430 872 3480 qna
892 3431 982 3480 per
1002 3412 1130 3479 lego·
1149 3412 1476 3478 grammaticae

459 3494 590 3543 band
627 3506 701 3543 ent
726 3494 922 3544 ferend·
937 3528 953 3553 ,
981 3492 1297 3543 correximus.
1421 3510 1428 3515 ·

527 3576 576 3622 3.
607 3576 667 3622 In
691 3574 960 3639 per-iculum
977 3572 1188 3621 mittant.
1205 3572 1342 3619 Vett.
1357 3570 1475 3620 edd.

453 3652 664 3703 auinaue.

524 3733 578 3781 4.
609 3731 665 3780 sc·
679 3732 718 3780 is
737 3731 977 3781 timeatur.
1007 3731 1158 3780 Abest
1184 3731 1226 3779 is
1255 3748 1281 3779 a
1305 3730 1474 3778 multis

453 3810 569 3857 edd.

529 3890 574 3935 5.
619 3890 954 3938 Considerate.
1003 3887 1198 3938 Schiitz.
1249 3886 1469 3937 comide-

452 3969 681 4017 mudum.
697 3973 770 4017 lta
791 3971 1038 4033 rescripsi,
1057 3970 1220 4035 inquit
1233 4004 1248 4027 ,
1266 3968 1471 4031 jubente

453 4050 816 4098 constructione
845 4058 892 4097 et
921 4062 1083 4097 sensu.

1569 3500 1804 3537 venturos
1836 3512 1875 3538 a.

1635 3569 1687 3616 8.
1722 3569 1815 3616 Vel
1854 3569 1999 3615 ulem.
2038 3568 2193 3615 Abest
2224 3566 2354 3615 vela
2376 3566 2585 3631 quibus-

1563 3648 1673 3695 dam
1694 3646 1807 3696 edd.

1633 3742 1685 3789 9.
1711 3724 2119 3775 conclusionibus.
2146 3726 2353 3789 Respice
2368 3726 2441 3781 11,
2468 3727 2555 3773 30.

1638 3820 1717 3853 ιο.
1750 3807 1811 3852 Ee
1815 3804 2150 3869 judicialibus.
2174 3804 2377 3852 Addunt
2399 3805 2451 3851 in
2468 3814 2584 3851 amr·

1550 3882 1869 3952 judicialibus
1894 3883 2009 3932 edd.
2064 3884 2225 3942 1476,
2252 3881 2386 3929 Med.
2434 3883 2585 3943 1498.

1560 3964 1715 4016 Abest
1751 3974 1921 4011 contra
1958 3964 2005 4011 in
2041 3962 2213 4011 iisdem
2252 3964 2301 4010 in
2336 3959 2452 4009 edd.
2476 3972 2589 4010 ame

1560 4042 1635 4091 his
1662 4042 1893 4091 maxime.
