2982 4682
497 339 642 414 368

1190 341 1286 410 Μ.
1329 341 1410 410 Τ.
1465 341 1953 413 CICERONIS

495 489 644 562 que
685 462 1000 536 donatus
1033 475 1142 533 est
1173 488 1188 530 ε
1239 485 1535 554 necesse
1571 476 1683 534 est
1716 487 1891 560 ergo
1928 462 2363 560 surripueris
2384 493 2441 534 n.
2478 468 2635 536 Hoc

495 572 879 645 commode
915 569 1596 669 reprehendam-2¹⁰,
1632 575 1691 644 si
1726 571 1872 643 dici
1902 573 2139 671 ,possit
2178 598 2265 644 ex
2302 573 2632 648 hostibus

493 708 728 781 equus
756 707 910 754 esse
936 697 1226 778 captuS,
1251 683 1362 775 cuj
1375 707 1458 752 us
1487 679 1745 779 praedae
1774 684 1997 752 sectio
2026 691 2251 753 non¹¹
2283 683 2626 754 venierit:

493 819 646 892 quo
682 793 921 881 illam,
953 791 1364 862 infirmatur
1395 795 1889 878 enumeratio;
1928 794 2275 888 quoniam
2306 789 2379 862 id
2408 791 2499 864 sit
2521 793 2624 863 in·

491 905 792 977 ductum
816 912 880 947 ¹²
901 957 922 990 ‚
964 902 1165 998 quod
1199 903 1641 1000 praeteritum
1675 903 1766 972 sit
1801 905 1879 971 in
1912 905 2484 974 enumeratione.

587 1017 836 1086 XLVI.
896 1012 1144 1083 Altero
1196 1025 1439 1082 autem
1489 1009 1713 1081 modo
1756 1011 2357 1109 reprehendetur,
2405 1013 2463 1082 si
2508 1026 2631 1083 aut

492 1139 742 1196 contra
773 1121 1048 1219 aliquid
1091 1121 1398 1193 dicitur1
1436 1149 1452 1192 ε
1493 1119 1637 1193 hoc
1676 1136 1824 1207 est,
1878 1125 1972 1208 si,
2021 1123 2333 1220 exempli
2368 1145 2581 1194 causa
2605 1174 2626 1209 ,

487 1250 574 1306 ut
608 1236 682 1304 in
713 1232 975 1305 eodem
1008 1255 1400 1314 versemur,
1441 1233 1711 1327 poterit
1745 1229 2031 1302 ostendi
2070 1229 2471 1303 hereditate
2514 1256 2631 1302 ve-

489 1347 704 1416 nisse.
744 1347 888 1413 Aut
931 1343 990 1413 si
1035 1353 1438 1412 extremum
1494 1339 1675 1411 illud
1728 1365 1879 1410 non
1929 1343 2068 1411 erit
2112 1356 2331 1438 turpe
2362 1335 2631 1413 ‘conce-

491 1454 707 1540 dere;
766 1467 852 1524 ut
895 1453 955 1523 si
996 1453 1192 1550 quiS‚
1254 1474 1486 1546 quum
1537 1449 1856 1522 dixerint
1902 1449 2289 1522 adversarii
2340 1479 2357 1522 z

2418 1483 2451 1516 <t
2486 1456 2630 1522 Aut

489 1563 784 1635 insidias
828 1561 1061 1634 facere
1109 1559 1447 1647 voluisti,
1512 1575 1640 1631 aut
1691 1561 1923 1632 amico
1976 1582 2253 1631 morem
2314 1562 2631 1659 gessisti,

491 1687 617 1744 aut
658 1672 1054 1768 cupiditate
1094 1670 1322 1742 elatus
1372 1695 1540 1758 es»;
1576 1675 1811 1743 amico
1868 1696 1945 1742 se
2000 1695 2278 1742 morem
2332 1675 2627 1768 gessisse

491 1781 821 1854 fateatur.

583 1892 903 1988 Simplex
930 1906 1170 1974 antem
1193 1889 1568 1962 conclusio
1587 1888 2191 1987 reprehendetur,
2212 1889 2269 1960 si
2289 1887 2363 1960 id
2382 1943 2402 1977 ‚
2425 1889 2627 1986 quod

485 2003 840 2099 sequitur,
865 2025 1016 2070 non
1053 1998 1386 2070 videatur
1405 2000 1810 2071 necessario
1847 2023 2011 2070 cum
2045 2024 2171 2089 eo,
2203 1998 2405 2096 quod
2434 2012 2630 2070 ante-

483 2113 728 2198 cessit,
776 2107 1162 2181 cohaerere.
1197 2113 1381 2181 Nam
1413 2109 1555 2180 hoc
1593 2108 1895 2207 quidem
1916 2163 1937 2198 ,
1978 2139 2010 2174 α
2036 2110 2109 2181 Si
2137 2109 2470 2208 spiritum
2498 2109 2626 2180 du-

482 2223 617 2308 cit,
649 2220 868 2308 vidit3
921 2221 992 2290 Si
1031 2217 1185 2292 dies
1227 2234 1369 2310 est,
1409 2221 1693 2308 lucet103
1754 2219 2115 2314 ejusmodi
2151 2235 2300 2306 est,
2334 2234 2420 2290 ut
2454 2245 2623 2292 cum

462 2335 724 2437 priore
784 2333 1189 2402 necessario
1243 2331 1601 2428 posterius
1651 2329 2014 2403 cohaerere
2058 2329 2415 2402 videatur.
2466 2333 2624 2400 Hoc

477 2456 724 2514 autem
764 2469 779 2512 :
808 2470 842 2506 α
872 2442 943 2511 Si
973 2455 1202 2511 mater
1221 2456 1364 2529 est,
1389 2440 1622 2539 diligit
1641 2451 1710 2529 ²3
1739 2444 1926 2512 ——Si
1956 2439 2347 2536 aliquando
2374 2464 2621 2540 pecca·

479 2552 618 2640 vit,
658 2574 1058 2647 numquam
1093 2554 1573 2649 corrigetur>›;
1612 2553 1711 2623 sic
1744 2551 2129 2623 conveniet
2151 2546 2623 2648 reprehendi,

553 2806 634 2841 to.
681 2792 786 2839 Hoc
822 2788 1073 2837 commode
1109 2788 1503 2853 reprehendetur.

475 2871 556 2919 sie
573 2870 764 2919 correxi
786 2869 935 2933 vulgo
955 2867 1330 2933 reprehenditur
1348 2883 1368 2915 .·
1391 2884 1505 2916 nam

431 2994 438 3002 ‚
476 2948 726 3013 sequeutia
763 2946 829 2995 it-
857 2946 1126 3011 postnlant.
1155 2948 1356 2994 variant
1390 2945 1507 2994 libri

475 3028 648 3092 scripti
669 3047 692 3071 a
714 3025 1113 3091 reprehendatur,
1139 3024 1510 3089 reprehendere-

478 3117 563 3155 tur
583 3126 606 3149 a
621 3140 637 3165 ,
659 3105 759 3153 Gu.
795 3121 814 3153 t
843 3116 1010 3153 eutem
1035 3106 1164 3153 clam
1187 3104 1505 3170 reprehende-

478 3196 577 3234 tur.
593 3186 725 3233 Eun.

555 3276 580 3312 1
595 3279 638 3312 1.
659 3262 818 3311 Sectio
839 3277 937 3311 non
961 3262 1192 3309 venierit.
1213 3262 1328 3311 Siue
1351 3262 1505 3313 dubio

479 3341 548 3391 sic
591 3339 868 3405 legendum.
901 3342 988 3389 Eut
1023 3340 1236 3404 elliptica
1271 3344 1507 3391 orationis

479 3422 658 3479 forma,
677 3419 818 3484 quui
833 3420 1020 3467 dietum
1038 3430 1164 3469 esset
1183 3434 1196 3467 :
1217 3420 1260 3468 si
1277 3421 1374 3469 diei
1393 3438 1505 3486 pos-

480 3501 542 3549 sit
576 3517 634 3549 ex
669 3498 897 3547 hostibus
937 3515 1090 3563 equus
1117 3516 1220 3548 ene
1257 3501 1310 3548 in
1335 3500 1502 3565 prnd-

477 3592 678 3645 eaptus,
711 3580 851 3640 cujus
884 3579 1064 3643 predo
1091 3582 1248 3629 sectio
1281 3596 1384 3629 non
1415 3598 1501 3629 ve·-

477 3660 639 3708 nierit.
681 3660 852 3723 Itaque
875 3674 978 3707 uon
1007 3671 1103 3718 eet,
1129 3660 1266 3725 quod
1291 3662 1503 3725 corriga-

479 3754 586 3787 mus
601 3773 617 3799 ‚
636 3760 660 3779 α
679 3737 766 3803 qui
785 3738 836 3784 in
862 3738 1040 3802 praedae
1065 3740 1278 3787 sectione
1297 3756 1400 3787 uon
1421 3756 1505 3787 v«.-

479 3818 626 3867 nierit
643 3840 670 3859 a
685 3850 701 3877 ,
723 3827 781 3865 ut
805 3816 1081 3881 Purgoldus
1099 3818 1348 3882 opinatur.
1373 3820 1502 3866 Proe-

477 3896 560 3945 doe
614 3897 791 3955 sectio,
831 3896 882 3945 h.
921 3912 966 3945 e.
1017 3912 1072 3945 e·
1125 3912 1237 3961 pen
1287 3896 1466 3960 preda
1483 3934 1501 3960 ,

469 3988 582 4037 qum
605 3975 671 4022 nd
694 3973 936 4039 populum
957 3974 1233 4039 pertinebat
1247 4008 1262 4033 ,
1293 3974 1505 4038 plerum-

472 4065 568 4113 que
595 4051 918 4111 vendebatur,
939 4062 988 4101 et
1006 4054 1214 4116 pecunia
1247 4068 1310 4101 ex
1331 4054 1503 4101 vendi·

1592 2789 1729 2837 tione
1748 2788 1951 2837 collecta
1970 2790 2141 2837 erario
2154 2790 2469 2839 inferebatur.
2482 2790 2623 2839 Nou·

1592 2884 1823 2931 numqam
1846 2880 2009 2916 tamen
2035 2868 2307 2916 intermissa
2339 2880 2412 2917 est
2443 2868 2621 2933 prede

1592 2948 1825 2996 sectionis
1849 2948 2094 3009 venditi03
2115 2948 2251 3014 quod
2277 2950 2319 2999 si
2345 2948 2509 3009 flent,
2530 2950 2623 2997 mi·

1593 3027 1725 3085 lites,
1765 3044 2083 3092 quecumque
2125 3044 2217 3092 pro
2263 3029 2427 3094 preda
2464 3030 2623 3094 cepio-

1594 3118 1729 3164 aeut,
1756 3107 1854 3153 sibi
1879 3123 2069 3155 servare
2096 3117 2339 3172 poteraut.
2360 3108 2477 3157 Sca.

1672 3200 1751 3234 η.
1778 3185 2020 3249 Quoniam
2048 3187 2105 3234 id
2128 3188 2195 3235 sit
2217 3188 2485 3237 inductum.
2510 3192 2621 3237 noe

1594 3265 1775 3313 dicitur
1808 3265 2008 3331 oblique
2042 3278 2092 3315 et
2126 3284 2187 3315 ex
2224 3284 2431 3331 percon:
2460 3284 2621 3333 repre·

1592 3343 1854 3393 heudeutis
1872 3362 1887 3404 ς
1908 3346 2023 3394 iude
2046 3347 2367 3408 conjunctivi.
2396 3348 2525 3395 Eur.
2550 3374 2619 3385 --

1590 3422 1849 3473 Schiitzius
1876 3436 2047 3473 eontra
2068 3464 2083 3489 ‚
2112 3426 2199 3490 qui
2229 3427 2314 3475 dat
2340 3449 2366 3469 ιι
2384 3428 2437 3475 id
2456 3438 2526 3475 eet
2546 3427 2619 3474 iu-

1592 3503 1793 3551 ductum
1814 3525 1835 3546 ι
1854 3518 1868 3552 :
1889 3506 1969 3553 hie
2002 3516 2100 3565 est,
2134 3505 2320 3569 iuquit,
2350 3506 2509 3554 oratio
2533 3506 2619 3553 de·

1588 3580 1753 3639 finita,
1776 3598 1881 3631 non
1904 3583 2103 3647 obliqua
2117 3618 2132 3642 ,
2159 3585 2289 3631 utin
2306 3582 2619 3649 sequentibus

1589 3660 1768 3711 verbis.

1664 3741 1843 3789 XLVI.
1884 3759 1929 3790 1.
1968 3740 2172 3792 Dicitur.
2212 3738 2467 3791 Schiitziun
2508 3758 2615 3791 cum
2652 3746 2661 3755 ’

1592 3821 1711 3869 Em.
1740 3830 1789 3867 et
1814 3820 2013 3871 [allelu.
2039 3820 2245 3870 dicetur.

1666 3912 1714 3947 ω.
1730 3898 1784 3945 Si
1798 3910 1959 3947 mater
1974 3910 2070 3957 ese,
2104 3898 2287 3965 diligit.
2306 3898 2399 3949 Ed.
2418 3898 2617 3947 Omnib.

1590 3976 1922 4045 additfilium,
1936 3978 2077 4043 quod
2090 3978 2227 4027 abest
2237 3977 2479 4029 victorin.
2492 3979 2619 4027 MSS

1591 4056 1954 4122 Oudendorpii.
1972 4062 2085 4109 scu.
