2982 4682
737 369 866 434 AD
912 367 1505 452 HERENNIUM‚
1546 369 1819 436 LIBER
1870 370 1990 454 lv,
2044 365 2159 465 39.
2202 307 2215 322 ’
2364 319 2523 469 =239

371 507 446 564 at
479 491 920 587 largissimus
976 491 1118 564 fuit
1155 491 1232 560 in
1275 491 1586 577 amicos3
1636 490 1836 588 quod
1878 493 2167 586 signum
2204 492 2521 566 liberali·

371 605 538 674 tatis
583 617 695 674 est
717 656 736 689 ,
802 627 964 702 quae
1016 616 1126 675 est
1175 606 1543 673 contraria
1596 603 1903 672 avaritiae
1924 613 1979 673 ².
2019 607 2413 700 Egestau's?
2454 622 2528 678 at

371 714 543 784 huic
575 713 872 811 quidem
911 731 1119 814 pater
1151 711 1373 825 (nolo
1403 715 1711 783 nimium
1751 711 2035 808 dicere)
2070 740 2221 787 non
2251 720 2519 790 tenuis·

371 827 636 896 simum
693 826 1210 924 patrimonium
1255 823 1555 920 reliquit
1578 855 1644 903 n..
1688 826 1821 898 Hic
1872 851 2179 924 quoque
2222 828 2525 900 vitatum

369 951 508 1022 est,
546 959 642 1006 ne
673 961 1016 1035 magnum
1061 950 1189 1008 aut
1231 935 1632 1005 maximum
1675 932 2059 1007 diceretur.
2111 941 2267 1008 Hoc
2300 939 2523 1035 igitur

370 1046 445 1115 in
501 1051 768 1118 nostris
798 1101 817 1134 ,
872 1063 1000 1118 aut
1043 1070 1337 1132 eorum,
1399 1069 1591 1142 quos
1642 1043 2155 1134 defendemus»,
2220 1050 2521 1147 egregiis

368 1156 772 1228 commodis
818 1156 1276 1257 proferendis
1315 1155 1885 1230 observabimus.
1934 1161 2119 1228 Nam
2156 1159 2521 1261 ejusmodi

368 1289 483 1336 res
521 1280 597 1337 et
636 1269 978 1339 invidiam
1013 1265 1464 1338 contrahunt
1498 1268 1576 1336 in
1621 1267 1766 1336 vita
1788 1321 1809 1354 ,
1852 1281 1926 1338 et
1954 1267 2209 1338 odium
2241 1269 2319 1339 in
2356 1294 2519 1342 ora-

367 1378 600 1464 tione,
630 1381 687 1448 si
715 1379 1248 1450 inconsiderate
1277 1392 1561 1448 tractes.
1594 1379 1873 1467 Quare,
1898 1379 2515 1474 quemadmodum

365 1489 646 1558 ratione
688 1491 762 1558 in
798 1487 1164 1560 vivend0³
1227 1487 1505 1586 fugitur
1546 1487 1853 1574 invidia,
1896 1491 2001 1560 sic
2045 1489 2121 1560 in
2166 1489 2518 1580 dicende,

367 1596 668 1668 consilio
711 1601 979 1670 vitatur
1015 1597 1287 1668 odium.

463 1711 794 1779 XXXIX.
816 1707 1572 1806 (xxxix.)Descriptio¹
1608 1708 2053 1796 nominatur,
2088 1733 2251 1804 quae
2276 1735 2521 1783 rerum

365 1821 968 1917 consequentium
1000 1821 1332 1890 continet
1349 1819 1810 1914 perspicuam
1830 1831 1904 1887 et
1930 1815 2322 1892 dilucidam
2346 1847 2516 1894 cum

365 1931 713 2024 gravitate
753 1931 1322 2029 expositionem,
1363 1927 1508 1998 hoc
1545 1927 1807 1997 modo:
1839 1957 1873 1992 α
1901 1928 2121 2017 Quod
2162 1932 2223 2001 si
2260 1935 2517 2019 istum,

356 2038 638 2134 judices
659 2094 678 2127 ,
717 2041 972 2112 vestris
1009 2039 1384 2111 sententiis
1420 2037 1937 2125 liberaverim,
1988 2043 2230 2109 statim
2261 2042 2447 2114 sicut
2472 2069 2515 2116 e

365 2173 578 2220 cavea
619 2149 738 2221 leo
775 2151 1036 2222 missus
1055 2203 1074 2236 ,
1131 2164 1258 2220 aut
1298 2148 1539 2246 aliqua
1585 2149 1953 2219 teterrima
1990 2147 2233 2220 bellua
2276 2152 2517 2225 soluta

363 2284 454 2330 ex
511 2261 784 2331 catenis
813 2313 833 2349 ,
887 2259 1222 2332 volitabit
1281 2273 1355 2330 et
1409 2257 1791 2356 vagabitur
1854 2258 1929 2328 in
1988 2257 2153 2330 foro
2174 2313 2195 2349 ,
2250 2285 2519 2334 acuens

365 2368 616 2441 dentes
649 2370 920 2441 multos
936 2381 991 2457 ²,
1026 2374 1105 2441 in
1145 2370 1501 2467 cujusque
1534 2367 1899 2455 fortunas,
1933 2370 2013 2441 in
2049 2394 2302 2443 omnes
2330 2379 2507 2444 ami-

364 2502 488 2550 cos
541 2493 764 2576 atque
805 2482 1170 2568 inimicos,
1221 2497 1440 2551 notos
1490 2493 1713 2577 atque
1762 2481 2053 2577 ignotos
2097 2481 2507 2575 incursans;

365 2590 672 2661 aliorum
699 2590 958 2663 famam
984 2590 1446 2689 depeculanS,
1461 2591 1772 2663 aliorum
1804 2606 2024 2688 caput
2050 2618 2507 2693 oppugnans,

363 2700 666 2772 aliorum
687 2701 991 2773 domum
1010 2716 1229 2800 atque
1265 2726 1562 2773 omnem
1597 2698 1985 2773 familiam³
2016 2702 2504 2802 perfringens,

363 2925 560 2975 Natura
607 2927 805 2990 verique
825 2945 870 2975 ι.
917 2926 980 2973 Iu
1015 2925 1192 2989 Virga.
1239 2947 1266 2967 α
1281 2927 1386 2976 Neo
1474 2924 1853 2990 eopographiam
1868 2960 1884 2984 ,
1932 2926 2227 2990 ethopoeiam
2242 2963 2258 2988 ,
2295 2926 2505 2994 effigiem

358 3022 464 3054 sum
488 3006 611 3055 adeo
639 3006 922 3055 infernin.
939 3007 1070 3055 LV.
1092 3008 1150 3055 L.

431 3101 486 3135 a.
509 3086 655 3150 Quod
676 3077 876 3152 signum
900 3086 936 3135 l.
961 3097 1062 3143 ese,
1094 3101 1208 3150 quoe
1233 3096 1303 3133 esc
1331 3102 1380 3135 ο.

359 3164 596 3216 avaricia.
629 3166 742 3214 Sch.
768 3166 877 3214 haec
901 3165 1048 3214 verba
1069 3176 1127 3214 ut
1155 3164 1382 3229 turpini-

357 3244 490 3293 iuum
513 3245 751 3293 anblema
774 3245 936 3305 eJecit.

431 3325 480 3373 3.
506 3324 783 3373 Eetioneia
797 3323 1028 3373 vivendo.
1055 3324 1270 3373 Restitui
1293 3339 1380 3372 ve·

357 3412 508 3451 terem
533 3416 588 3452 et
622 3419 782 3451 veram
813 3403 1078 3451 lectionem
1112 3419 1140 3450 e
1177 3404 1304 3451 MSS
1331 3413 1381 3451 et

357 3483 472 3533 edd.
495 3494 614 3533 vett.
637 3485 718 3531 cui
744 3485 984 3533 Gruterus
1001 3499 1029 3532 e
1056 3482 1157 3530 Pal.
1174 3498 1254 3546 pr.
1281 3498 1380 3531 sec.

355 3562 606 3611 substituit
631 3562 857 3611 «ratione
874 3562 1126 3622 vivendi»,
1148 3560 1382 3625 deceptus

354 3642 666 3691 assuetudine
703 3642 850 3704 hujus
897 3642 1084 3691 formae.
1125 3662 1150 3682 α
1166 3639 1382 3690 Ratione

354 3722 406 3769 iu
437 3721 696 3770 vivendo·-
731 3732 784 3771 et
813 3720 1114 3769 «eonsilium
1139 3721 1192 3767 in
1217 3720 1383 3767 dioen-

355 3798 461 3847 do·
483 3801 731 3849 concinne
764 3800 862 3851 sibi
893 3799 1214 3863 respondent.
1249 3800 1382 3848 En«.

352 3906 423 3917 —
439 3882 598 3943 Quem
620 3880 736 3929 sch.
757 3890 991 3945 sequutus
1010 3890 1100 3927 est.

421 3961 674 4009 xxm.
713 3972 758 4009 1.
793 3958 1082 4025 Descriptio.
1117 3959 1244 4021 Quo
1275 3956 1385 4005 rhe-

355 4038 544 4087 toribus
579 4040 636 4087 in
684 4055 774 4088 nex
813 4050 978 4103 perte·
1031 4036 1344 4085 distribuitur
1367 4054 1382 4087 :

353 4139 378 4159 ιι
399 4116 826 4183 chorographiam,
847 4115 1242 4182 topographinm,
1269 4130 1387 4181 pro-

449 4386 470 4413 ὁ

1473 3016 1523 3053 et
1540 3004 1897 3069 hypotyposin.
1916 3005 1969 3053 J.
1985 3004 2053 3054 V.
2076 3006 2131 3052 L.

1546 3100 1595 3132 α.
1644 3086 1840 3131 Aeaeus
1872 3083 2043 3133 demes
2085 3084 2282 3137 multos.
2320 3089 2502 3141 Multos

1471 3163 1577 3211 sine
1602 3162 1759 3211 dubio
1777 3162 2011 3211 vitiosum
2034 3174 2125 3213 est.
2144 3164 2305 3223 Unam
2325 3166 2501 3218 lectio-

1471 3258 1585 3291 nem
1610 3242 1791 3293 variam
1819 3243 1979 3307 reperi
2003 3244 2055 3291 in
2086 3242 2253 3295 libris:
2280 3245 2461 3299 mm
2476 3283 2499 3311 ,

1469 3321 1609 3385 quod
1648 3320 1796 3371 habet
1843 3322 1928 3370 ed.
1966 3321 2105 3373 Med.
2143 3340 2223 3388 pr.
2270 3329 2503 3393 venitque
2520 3318 2547 3339 ⁶

1469 3400 1723 3450 nonnullis
1771 3402 1826 3449 in
1860 3414 2075 3451 mentem
2112 3419 2203 3467 per
2244 3409 2501 3469 conjectu·

1469 3497 1589 3531 ram.
1626 3482 1723 3530 Sed
1757 3482 1812 3530 id
1854 3498 1957 3531 nou
1995 3483 2144 3532 habet
2186 3488 2500 3537 commodum

1469 3576 1679 3609 sensum.
1706 3561 1962 3625 Optimum
1997 3562 2203 3611 sortasse
2236 3566 2385 3613 fuerit
2414 3568 2503 3617 de·

1468 3639 1568 3687 lere
1589 3639 1825 3698 verbum,
1852 3650 1908 3687 ut
1935 3641 2054 3689 fecit
2080 3642 2363 3691 Lambinus.
2398 3646 2496 3694 qu.

1469 3734 1579 3783 cap.
1599 3734 1665 3781 ²9
1698 3728 1813 3766 sunt
1851 3739 1873 3760 ι
1897 3718 2067 3767 dentes
2094 3719 2277 3769 adunci
2296 3742 2320 3766 a·
2352 3738 2367 3773 :
2412 3722 2499 3771 sed

1470 3796 1527 3845 hi
1564 3812 1667 3845 nou
1703 3798 1820 3845 eatis
1852 3797 1957 3861 apti
1994 3797 2149 3846 verbo
2182 3800 2405 3849 acuendi
2433 3802 2506 3848 vi-

1475 3874 1700 3925 deantur.
1730 3878 1860 3925 Ent.
1887 3875 2093 3925 ——Scb.
2120 3875 2303 3927 delevit
2322 3879 2499 3929 multos

1473 3970 1585 4004 cum
1603 3954 1859 4003 lambino.

1550 4034 1601 4083 3.
1627 4036 1837 4082 Domum
1862 4044 2009 4098 aequo
2038 4046 2229 4080 omnem
2238 4031 2499 4097 faenilia„

1468 4110 1804 4179 perfringens.
1836 4116 1966 4161 Fer-.-
1988 4112 2143 4160 instar
2166 4112 2372 4163 claustra
2392 4132 2499 4167 om.
