<?xml version="1.0" encoding="UTF-8"?>
<!DOCTYPE html PUBLIC "-//W3C//DTD XHTML 1.0 Transitional//EN"
    "http://www.w3.org/TR/xhtml1/DTD/xhtml1-transitional.dtd">
<html xmlns="http://www.w3.org/1999/xhtml" xml:lang="en" lang="en">
 <head>
  <title>
</title>
<meta http-equiv="Content-Type" content="text/html;charset=utf-8" />
  <meta name='ocr-system' content='tesseract 3.04.00' />
  <meta name='ocr-capabilities' content='ocr_page ocr_carea ocr_par ocr_line ocrx_word'/>
</head>
<body>
  <div class='ocr_page' id='page_1' title='image "./mtciceronisquae07lemagoog_0324.png"; bbox 0 0 2982 4682; ppageno 0'>
   <div class='ocr_carea' id='block_1_1' title="bbox 423 350 2654 2336">
    <p class='ocr_par' dir='ltr' id='par_1_1' title="bbox 423 350 2574 1348">
     <span class='ocr_line' id='line_1_1' title="bbox 434 350 1883 452; baseline 0.001 -27"><span class='ocrx_word' id='word_1_1' title='bbox 434 357 571 452; x_wconf 77' lang='lat'><strong>298</strong></span> <span class='ocrx_word' id='word_1_2' title='bbox 754 350 766 364; x_wconf 80' lang='grc'>’</span> <span class='ocrx_word' id='word_1_3' title='bbox 1111 358 1209 425; x_wconf 91' lang='grc' dir='ltr'><strong>Μ.</strong></span> <span class='ocrx_word' id='word_1_4' title='bbox 1262 360 1337 424; x_wconf 91' lang='lat' dir='ltr'><strong>T.</strong></span> <span class='ocrx_word' id='word_1_5' title='bbox 1395 359 1883 438; x_wconf 87' lang='lat' dir='ltr'>CICERONIS</span> 
     </span>
     <span class='ocr_line' id='line_1_2' title="bbox 428 478 2554 575; baseline 0.001 -28"><span class='ocrx_word' id='word_1_6' title='bbox 428 480 533 548; x_wconf 82' lang='lat' dir='ltr'><strong>vis</strong></span> <span class='ocrx_word' id='word_1_7' title='bbox 570 478 1103 550; x_wconf 85' lang='lat' dir='ltr'><strong>constitutionis</strong></span> <span class='ocrx_word' id='word_1_8' title='bbox 1130 492 1455 575; x_wconf 85' lang='lat' dir='ltr'><strong>augetur.</strong></span> <span class='ocrx_word' id='word_1_9' title='bbox 1497 487 1590 549; x_wconf 80' lang='lat' dir='ltr'><strong>At</strong></span> <span class='ocrx_word' id='word_1_10' title='bbox 1616 478 2077 550; x_wconf 88' lang='lat' dir='ltr'><strong>deliberativa</strong></span> <span class='ocrx_word' id='word_1_11' title='bbox 2105 501 2316 552; x_wconf 87' lang='lat' dir='ltr'><strong>causa</strong></span> <span class='ocrx_word' id='word_1_12' title='bbox 2345 481 2554 552; x_wconf 87' lang='lat' dir='ltr'><strong>simul</strong></span> 
     </span>
     <span class='ocr_line' id='line_1_3' title="bbox 430 587 2552 686; baseline 0 -26"><span class='ocrx_word' id='word_1_13' title='bbox 430 613 519 660; x_wconf 84' lang='lat' dir='ltr'><strong>ex</strong></span> <span class='ocrx_word' id='word_1_14' title='bbox 558 587 806 660; x_wconf 88' lang='lat' dir='ltr'><strong>eadem</strong></span> <span class='ocrx_word' id='word_1_15' title='bbox 836 603 1077 685; x_wconf 88' lang='lat' dir='ltr'><strong>parte,</strong></span> <span class='ocrx_word' id='word_1_16' title='bbox 1119 588 1377 660; x_wconf 90' lang='lat' dir='ltr'><strong>eodem</strong></span> <span class='ocrx_word' id='word_1_17' title='bbox 1408 590 1483 659; x_wconf 89' lang='lat' dir='ltr'><strong>in</strong></span> <span class='ocrx_word' id='word_1_18' title='bbox 1521 614 1823 685; x_wconf 79' lang='lat' dir='ltr'><strong>genere,</strong></span> <span class='ocrx_word' id='word_1_19' title='bbox 1863 605 1936 660; x_wconf 89' lang='lat' dir='ltr'><strong>et</strong></span> <span class='ocrx_word' id='word_1_20' title='bbox 1965 591 2552 686; x_wconf 86' lang='lat' dir='ltr'><strong>conjecturalem,</strong></span> 
     </span>
     <span class='ocr_line' id='line_1_4' title="bbox 430 697 2556 796; baseline 0.001 -28"><span class='ocrx_word' id='word_1_21' title='bbox 430 711 503 768; x_wconf 90' lang='lat' dir='ltr'><strong>et</strong></span> <span class='ocrx_word' id='word_1_22' title='bbox 550 698 997 796; x_wconf 87' lang='lat' dir='ltr'><strong>generalem,</strong></span> <span class='ocrx_word' id='word_1_23' title='bbox 1034 711 1129 768; x_wconf 71' lang='lat' dir='ltr'><strong>&#39;et</strong></span> <span class='ocrx_word' id='word_1_24' title='bbox 1192 697 1676 786; x_wconf 87' lang='lat' dir='ltr'><strong>definitivam,</strong></span> <span class='ocrx_word' id='word_1_25' title='bbox 1727 714 1800 770; x_wconf 88' lang='lat' dir='ltr'><strong>et</strong></span> <span class='ocrx_word' id='word_1_26' title='bbox 1850 699 2325 772; x_wconf 77' lang='lat' dir='ltr'><strong>translativam</strong></span> <span class='ocrx_word' id='word_1_27' title='bbox 2373 701 2556 773; x_wconf 85' lang='lat' dir='ltr'><strong>solet</strong></span> 
     </span>
     <span class='ocr_line' id='line_1_5' title="bbox 430 808 2554 909; baseline 0 -30"><span class='ocrx_word' id='word_1_28' title='bbox 430 808 699 879; x_wconf 91' lang='lat' dir='ltr'><strong>habere</strong></span> <span class='ocrx_word' id='word_1_29' title='bbox 732 809 1359 895; x_wconf 87' lang='lat' dir='ltr'><strong>constitutionem,</strong></span> <span class='ocrx_word' id='word_1_30' title='bbox 1391 823 1463 880; x_wconf 92' lang='lat' dir='ltr'><strong>et</strong></span> <span class='ocrx_word' id='word_1_31' title='bbox 1495 835 1712 880; x_wconf 87' lang='lat' dir='ltr'><strong>unam</strong></span> <span class='ocrx_word' id='word_1_32' title='bbox 1743 809 2134 906; x_wconf 86' lang='lat' dir='ltr'><strong>aliquando</strong></span> <span class='ocrx_word' id='word_1_33' title='bbox 2154 867 2173 896; x_wconf 88' lang='lat'><strong>,</strong></span> <span class='ocrx_word' id='word_1_34' title='bbox 2213 827 2286 882; x_wconf 92' lang='lat' dir='ltr'><strong>et</strong></span> <span class='ocrx_word' id='word_1_35' title='bbox 2311 812 2554 909; x_wconf 89' lang='lat' dir='ltr'><strong>plures</strong></span> 
     </span>
     <span class='ocr_line' id='line_1_6' title="bbox 428 921 2574 1018; baseline 0.001 -28"><span class='ocrx_word' id='word_1_36' title='bbox 428 945 1004 1018; x_wconf 81' lang='lat' dir='ltr'><strong>nonnumquam.</strong></span> <span class='ocrx_word' id='word_1_37' title='bbox 1061 923 1250 1016; x_wconf 87' lang='lat' dir='ltr'><strong>Ergo</strong></span> <span class='ocrx_word' id='word_1_38' title='bbox 1312 921 1464 1018; x_wconf 85' lang='lat' dir='ltr'><strong>ipsa</strong></span> <span class='ocrx_word' id='word_1_39' title='bbox 1530 933 1712 992; x_wconf 86' lang='lat' dir='ltr'><strong>nec9</strong></span> <span class='ocrx_word' id='word_1_40' title='bbox 1757 922 2176 992; x_wconf 89' lang='lat' dir='ltr'><strong>constitutio</strong></span> <span class='ocrx_word' id='word_1_41' title='bbox 2219 936 2366 1007; x_wconf 87' lang='lat' dir='ltr'><strong>est,</strong></span> <span class='ocrx_word' id='word_1_42' title='bbox 2419 941 2574 993; x_wconf 82' lang='lat' dir='ltr'><strong>nec‘</strong></span> 
     </span>
     <span class='ocr_line' id='line_1_7' title="bbox 429 1028 2550 1127; baseline 0.001 -27"><span class='ocrx_word' id='word_1_43' title='bbox 429 1053 595 1127; x_wconf 86' lang='lat' dir='ltr'><strong>pars</strong></span> <span class='ocrx_word' id='word_1_44' title='bbox 630 1031 1187 1101; x_wconf 83' lang='lat' dir='ltr'><strong>constitutionis.</strong></span> <span class='ocrx_word' id='word_1_45' title='bbox 1225 1028 1425 1100; x_wconf 88' lang='lat' dir='ltr'><strong>Idem</strong></span> <span class='ocrx_word' id='word_1_46' title='bbox 1454 1032 1530 1100; x_wconf 91' lang='lat' dir='ltr'><strong>in</strong></span> <span class='ocrx_word' id='word_1_47' title='bbox 1563 1029 2176 1103; x_wconf 84' lang='lat' dir='ltr'><strong>demonstratione</strong></span> <span class='ocrx_word' id='word_1_48' title='bbox 2209 1032 2390 1102; x_wconf 86' lang='lat' dir='ltr'><strong>solet</strong></span> <span class='ocrx_word' id='word_1_49' title='bbox 2418 1058 2550 1103; x_wconf 90' lang='lat' dir='ltr'><strong>usu</strong></span> 
     </span>
     <span class='ocr_line' id='line_1_8' title="bbox 428 1140 2552 1236; baseline 0 -24"><span class='ocrx_word' id='word_1_50' title='bbox 428 1143 716 1212; x_wconf 90' lang='lat' dir='ltr'><strong>evenire</strong></span> <span class='ocrx_word' id='word_1_51' title='bbox 738 1149 819 1210; x_wconf 89' lang='lat'><strong>¹⁰.</strong></span> <span class='ocrx_word' id='word_1_52' title='bbox 840 1143 1125 1211; x_wconf 83' lang='lat' dir='ltr'><strong>Genera</strong></span> <span class='ocrx_word' id='word_1_53' title='bbox 1151 1140 1391 1236; x_wconf 86' lang='lat' dir='ltr'><strong>igitur,</strong></span> <span class='ocrx_word' id='word_1_54' title='bbox 1434 1156 1520 1210; x_wconf 92' lang='lat' dir='ltr'><strong>ut</strong></span> <span class='ocrx_word' id='word_1_55' title='bbox 1555 1156 1722 1211; x_wconf 89' lang='lat' dir='ltr'><strong>ante</strong></span> <span class='ocrx_word' id='word_1_56' title='bbox 1753 1140 2100 1226; x_wconf 74' lang='lat' dir='ltr'><strong>diximu5‚</strong></span> <span class='ocrx_word' id='word_1_57' title='bbox 2129 1141 2279 1213; x_wconf 82' lang='lat' dir='ltr'><strong>haec</strong></span> <span class='ocrx_word' id='word_1_58' title='bbox 2317 1166 2552 1212; x_wconf 85' lang='lat' dir='ltr'><strong>causa-</strong></span> 
     </span>
     <span class='ocr_line' id='line_1_9' title="bbox 423 1250 2548 1348; baseline 0 -28"><span class='ocrx_word' id='word_1_59' title='bbox 423 1275 585 1321; x_wconf 89' lang='lat' dir='ltr'><strong>rum</strong></span> <span class='ocrx_word' id='word_1_60' title='bbox 626 1250 945 1347; x_wconf 88' lang='lat' dir='ltr'><strong>putanda</strong></span> <span class='ocrx_word' id='word_1_61' title='bbox 970 1265 1163 1338; x_wconf 87' lang='lat' dir='ltr'><strong>sunt,</strong></span> <span class='ocrx_word' id='word_1_62' title='bbox 1200 1277 1351 1348; x_wconf 83' lang='lat' dir='ltr'><strong>non</strong></span> <span class='ocrx_word' id='word_1_63' title='bbox 1384 1265 1628 1348; x_wconf 79' lang='lat' dir='ltr'><strong>partes</strong></span> <span class='ocrx_word' id='word_1_64' title='bbox 1659 1251 1958 1346; x_wconf 87' lang='lat' dir='ltr'><strong>alicujus</strong></span> <span class='ocrx_word' id='word_1_65' title='bbox 1987 1253 2548 1323; x_wconf 76' lang='lat' dir='ltr'><strong>constitutionis,</strong></span> 
     </span>
    </p>

    <p class='ocr_par' dir='ltr' id='par_1_2' title="bbox 424 1360 2654 2113">
     <span class='ocr_line' id='line_1_10' title="bbox 525 1360 2550 1460; baseline 0.001 -31"><span class='ocrx_word' id='word_1_66' title='bbox 525 1365 647 1429; x_wconf 87' lang='lat' dir='ltr'><strong>XI.</strong></span> <span class='ocrx_word' id='word_1_67' title='bbox 700 1360 861 1456; x_wconf 72' lang='lat' dir='ltr'><strong>(xi.)</strong></span> <span class='ocrx_word' id='word_1_68' title='bbox 913 1366 1077 1432; x_wconf 82' lang='lat' dir='ltr'><strong>Haec</strong></span> <span class='ocrx_word' id='word_1_69' title='bbox 1136 1385 1307 1456; x_wconf 87' lang='lat' dir='ltr'><strong>ergo</strong></span> <span class='ocrx_word' id='word_1_70' title='bbox 1372 1362 1826 1446; x_wconf 80' lang='lat' dir='ltr'><strong>constitutiO,</strong></span> <span class='ocrx_word' id='word_1_71' title='bbox 1884 1386 2100 1458; x_wconf 88' lang='lat' dir='ltr'><strong>quam</strong></span> <span class='ocrx_word' id='word_1_72' title='bbox 2149 1363 2550 1460; x_wconf 81' lang='lat' dir='ltr'><strong>generalem</strong></span> 
     </span>
     <span class='ocr_line' id='line_1_11' title="bbox 428 1467 2558 1568; baseline 0.001 -30"><span class='ocrx_word' id='word_1_73' title='bbox 428 1472 927 1554; x_wconf 76' lang='lat' dir='ltr'><strong>nominamu3‚</strong></span> <span class='ocrx_word' id='word_1_74' title='bbox 973 1484 1209 1565; x_wconf 90' lang='lat' dir='ltr'><strong>partes</strong></span> <span class='ocrx_word' id='word_1_75' title='bbox 1250 1469 1463 1540; x_wconf 91' lang='lat' dir='ltr'><strong>nobis</strong></span> <span class='ocrx_word' id='word_1_76' title='bbox 1500 1467 1781 1540; x_wconf 78' lang='lat' dir='ltr'><strong>videtur</strong></span> <span class='ocrx_word' id='word_1_77' title='bbox 1819 1468 1998 1542; x_wconf 88' lang='lat' dir='ltr'><strong>duas</strong></span> <span class='ocrx_word' id='word_1_78' title='bbox 2035 1470 2341 1559; x_wconf 87' lang='lat' dir='ltr'><strong>habere,</strong></span> <span class='ocrx_word' id='word_1_79' title='bbox 2381 1473 2558 1568; x_wconf 88' lang='lat' dir='ltr'><strong>juri-</strong></span> 
     </span>
     <span class='ocr_line' id='line_1_12' title="bbox 424 1577 2553 1679; baseline 0.001 -29"><span class='ocrx_word' id='word_1_80' title='bbox 424 1577 749 1650; x_wconf 90' lang='lat' dir='ltr'><strong>dicialem</strong></span> <span class='ocrx_word' id='word_1_81' title='bbox 772 1632 793 1665; x_wconf 86' lang='lat'>‚</span> <span class='ocrx_word' id='word_1_82' title='bbox 826 1594 897 1650; x_wconf 84' lang='lat' dir='ltr'><strong>et</strong></span> <span class='ocrx_word' id='word_1_83' title='bbox 930 1579 1383 1676; x_wconf 85' lang='lat' dir='ltr'><strong>negotialem.</strong></span> <span class='ocrx_word' id='word_1_84' title='bbox 1420 1579 1848 1651; x_wconf 88' lang='lat' dir='ltr'><strong>Juridicialis</strong></span> <span class='ocrx_word' id='word_1_85' title='bbox 1875 1595 1984 1651; x_wconf 91' lang='lat' dir='ltr'><strong>est</strong></span> <span class='ocrx_word' id='word_1_86' title='bbox 2009 1592 2059 1668; x_wconf 83' lang='lat'><strong>¹,</strong></span> <span class='ocrx_word' id='word_1_87' title='bbox 2085 1582 2159 1650; x_wconf 90' lang='lat' dir='ltr'><strong>in</strong></span> <span class='ocrx_word' id='word_1_88' title='bbox 2192 1607 2336 1678; x_wconf 88' lang='lat' dir='ltr'><strong>qua</strong></span> <span class='ocrx_word' id='word_1_89' title='bbox 2367 1588 2553 1679; x_wconf 83' lang='lat' dir='ltr'><strong>aequi</strong></span> 
     </span>
     <span class='ocr_line' id='line_1_13' title="bbox 429 1688 2552 1813; baseline 0 -53"><span class='ocrx_word' id='word_1_90' title='bbox 429 1704 502 1760; x_wconf 88' lang='lat' dir='ltr'><strong>et</strong></span> <span class='ocrx_word' id='word_1_91' title='bbox 525 1690 755 1786; x_wconf 89' lang='lat' dir='ltr'><strong>iniqui</strong></span> <span class='ocrx_word' id='word_1_92' title='bbox 796 1701 1117 1778; x_wconf 76' lang='lat' dir='ltr'><strong>natura2,</strong></span> <span class='ocrx_word' id='word_1_93' title='bbox 1154 1688 1506 1788; x_wconf 77' lang='lat' dir='ltr'><strong>praemii³‚</strong></span> <span class='ocrx_word' id='word_1_94' title='bbox 1539 1703 1664 1759; x_wconf 87' lang='lat' dir='ltr'><strong>aut</strong></span> <span class='ocrx_word' id='word_1_95' title='bbox 1697 1715 1934 1813; x_wconf 81' lang='lat' dir='ltr'><strong>poenae</strong></span> <span class='ocrx_word' id='word_1_96' title='bbox 1967 1693 2151 1760; x_wconf 92' lang='lat' dir='ltr'><strong>ratio</strong></span> <span class='ocrx_word' id='word_1_97' title='bbox 2188 1693 2552 1787; x_wconf 69' lang='lat' dir='ltr'><strong>quaeritur.</strong></span> 
     </span>
     <span class='ocr_line' id='line_1_14' title="bbox 428 1798 2654 1897; baseline -0.001 -25"><span class='ocrx_word' id='word_1_98' title='bbox 428 1799 819 1896; x_wconf 84' lang='lat' dir='ltr'><strong>Negotialis</strong></span> <span class='ocrx_word' id='word_1_99' title='bbox 856 1799 1038 1887; x_wconf 72' lang='lat' dir='ltr'><strong>est⁴‚</strong></span> <span class='ocrx_word' id='word_1_100' title='bbox 1081 1803 1153 1872; x_wconf 89' lang='lat' dir='ltr'><strong>in</strong></span> <span class='ocrx_word' id='word_1_101' title='bbox 1202 1824 1383 1897; x_wconf 89' lang='lat' dir='ltr'><strong>qua,</strong></span> <span class='ocrx_word' id='word_1_102' title='bbox 1424 1798 1600 1896; x_wconf 81' lang='lat' dir='ltr'><strong>qnid</strong></span> <span class='ocrx_word' id='word_1_103' title='bbox 1645 1802 1825 1894; x_wconf 89' lang='lat' dir='ltr'><strong>juris</strong></span> <span class='ocrx_word' id='word_1_104' title='bbox 1865 1824 1954 1868; x_wconf 83' lang='lat' dir='ltr'><strong>ex</strong></span> <span class='ocrx_word' id='word_1_105' title='bbox 1992 1799 2181 1869; x_wconf 89' lang='lat' dir='ltr'><strong>civili</strong></span> <span class='ocrx_word' id='word_1_106' title='bbox 2220 1823 2452 1886; x_wconf 86' lang='lat' dir='ltr'><strong>more,</strong></span> <span class='ocrx_word' id='word_1_107' title='bbox 2485 1816 2559 1870; x_wconf 88' lang='lat' dir='ltr'><strong>et</strong></span> <span class='ocrx_word' id='word_1_108' title='bbox 2647 1809 2654 1816; x_wconf 82' lang='grc'><strong><em>’</em></strong></span> 
     </span>
     <span class='ocr_line' id='line_1_15' title="bbox 430 1908 2555 2007; baseline 0.001 -30"><span class='ocrx_word' id='word_1_109' title='bbox 430 1912 765 2005; x_wconf 83' lang='lat' dir='ltr'><strong>aequitate</strong></span> <span class='ocrx_word' id='word_1_110' title='bbox 789 1915 912 1995; x_wconf 86' lang='lat' dir='ltr'><strong>sit,</strong></span> <span class='ocrx_word' id='word_1_111' title='bbox 939 1909 1471 1980; x_wconf 86' lang='lat' dir='ltr'><strong>consideratur:</strong></span> <span class='ocrx_word' id='word_1_112' title='bbox 1498 1912 1615 1980; x_wconf 90' lang='lat' dir='ltr'><strong>cui</strong></span> <span class='ocrx_word' id='word_1_113' title='bbox 1641 1908 2022 2006; x_wconf 71' lang='lat' dir='ltr'><strong>diligentia:</strong></span> <span class='ocrx_word' id='word_1_114' title='bbox 2049 1933 2345 2006; x_wconf 80' lang='lat' dir='ltr'><strong>praeesse</strong></span> <span class='ocrx_word' id='word_1_115' title='bbox 2365 1909 2555 2007; x_wconf 88' lang='lat' dir='ltr'><strong>apud</strong></span> 
     </span>
     <span class='ocr_line' id='line_1_16' title="bbox 431 2019 1661 2113; baseline 0.001 -26"><span class='ocrx_word' id='word_1_116' title='bbox 431 2043 568 2088; x_wconf 90' lang='lat' dir='ltr'><strong>nos</strong></span> <span class='ocrx_word' id='word_1_117' title='bbox 598 2019 1093 2113; x_wconf 84' lang='lat' dir='ltr'><strong>jurisconsulti</strong></span> <span class='ocrx_word' id='word_1_118' title='bbox 1136 2021 1661 2092; x_wconf 82' lang='lat' dir='ltr'><strong>existimantur</strong></span> 
     </span>
    </p>

    <p class='ocr_par' dir='ltr' id='par_1_3' title="bbox 431 2129 2570 2336">
     <span class='ocr_line' id='line_1_17' title="bbox 530 2129 2568 2226; baseline 0 -30"><span class='ocrx_word' id='word_1_119' title='bbox 530 2133 629 2198; x_wconf 90' lang='lat' dir='ltr'><strong>Ac</strong></span> <span class='ocrx_word' id='word_1_120' title='bbox 682 2129 1105 2224; x_wconf 87' lang='lat' dir='ltr'><strong>juridicialis</strong></span> <span class='ocrx_word' id='word_1_121' title='bbox 1168 2129 1463 2226; x_wconf 89' lang='lat' dir='ltr'><strong>quidem</strong></span> <span class='ocrx_word' id='word_1_122' title='bbox 1520 2133 1676 2226; x_wconf 83' lang='lat' dir='ltr'><strong>ipsa</strong></span> <span class='ocrx_word' id='word_1_123' title='bbox 1730 2135 1802 2199; x_wconf 89' lang='lat' dir='ltr'><strong>in</strong></span> <span class='ocrx_word' id='word_1_124' title='bbox 1869 2129 2048 2200; x_wconf 89' lang='lat' dir='ltr'><strong>duas</strong></span> <span class='ocrx_word' id='word_1_125' title='bbox 2113 2129 2568 2201; x_wconf 88' lang='lat' dir='ltr'><strong>distribuitur</strong></span> 
     </span>
     <span class='ocr_line' id='line_1_18' title="bbox 431 2229 2570 2336; baseline 0 -28"><span class='ocrx_word' id='word_1_126' title='bbox 431 2251 703 2334; x_wconf 87' lang='lat' dir='ltr'><strong>partes,</strong></span> <span class='ocrx_word' id='word_1_127' title='bbox 743 2237 1145 2310; x_wconf 79' lang='lat' dir='ltr'><strong>absolutam</strong></span> <span class='ocrx_word' id='word_1_128' title='bbox 1175 2254 1247 2310; x_wconf 90' lang='lat' dir='ltr'><strong>et</strong></span> <span class='ocrx_word' id='word_1_129' title='bbox 1274 2239 1808 2335; x_wconf 85' lang='lat' dir='ltr'><strong>assumptivam.</strong></span> <span class='ocrx_word' id='word_1_130' title='bbox 1827 2237 2172 2310; x_wconf 89' lang='lat' dir='ltr'><strong>Absoluta</strong></span> <span class='ocrx_word' id='word_1_131' title='bbox 2192 2255 2300 2310; x_wconf 92' lang='lat' dir='ltr'><strong>est</strong></span> <span class='ocrx_word' id='word_1_132' title='bbox 2324 2229 2379 2327; x_wconf 85' lang='lat'><strong>⁵,</strong></span> <span class='ocrx_word' id='word_1_133' title='bbox 2407 2263 2570 2336; x_wconf 84' lang='lat' dir='ltr'><strong>quae</strong></span> 
     </span>
    </p>
   </div>
   <div class='ocr_carea' id='block_1_2' title="bbox 430 2426 1459 3123">
    <p class='ocr_par' dir='ltr' id='par_1_4' title="bbox 432 2426 1453 2633">
     <span class='ocr_line' id='line_1_19' title="bbox 502 2426 1453 2490; baseline -0.001 -17"><span class='ocrx_word' id='word_1_134' title='bbox 502 2442 552 2489; x_wconf 84' lang='lat'><strong>9.</strong></span> <span class='ocrx_word' id='word_1_135' title='bbox 590 2430 705 2490; x_wconf 84' lang='lat' dir='ltr'><strong>Ipsa</strong></span> <span class='ocrx_word' id='word_1_136' title='bbox 742 2442 846 2474; x_wconf 83' lang='lat' dir='ltr'><strong>nec.</strong></span> <span class='ocrx_word' id='word_1_137' title='bbox 885 2428 1106 2475; x_wconf 84' lang='lat' dir='ltr'><strong>Gronov.</strong></span> <span class='ocrx_word' id='word_1_138' title='bbox 1139 2437 1188 2474; x_wconf 85' lang='lat' dir='ltr'><strong>et</strong></span> <span class='ocrx_word' id='word_1_139' title='bbox 1224 2426 1387 2474; x_wconf 63' lang='grc' dir='ltr'><strong>(ιι-ων.</strong></span> <span class='ocrx_word' id='word_1_140' title='bbox 1426 2442 1453 2472; x_wconf 86' lang='lat' dir='ltr'><strong>e</strong></span> 
     </span>
     <span class='ocr_line' id='line_1_20' title="bbox 432 2504 1452 2569; baseline -0.003 -15"><span class='ocrx_word' id='word_1_141' title='bbox 432 2506 556 2555; x_wconf 81' lang='lat' dir='ltr'><strong>Mss</strong></span> <span class='ocrx_word' id='word_1_142' title='bbox 574 2520 748 2568; x_wconf 80' lang='lat' dir='ltr'><strong>neque,</strong></span> <span class='ocrx_word' id='word_1_143' title='bbox 768 2521 893 2569; x_wconf 75' lang='lat' dir='ltr'><strong>quos</strong></span> <span class='ocrx_word' id='word_1_144' title='bbox 910 2506 1104 2569; x_wconf 72' lang='lat' dir='ltr'><strong>sequuti</strong></span> <span class='ocrx_word' id='word_1_145' title='bbox 1122 2517 1237 2555; x_wconf 74' lang='lat' dir='ltr'><strong>sunt</strong></span> <span class='ocrx_word' id='word_1_146' title='bbox 1254 2504 1452 2553; x_wconf 74' lang='lat' dir='ltr'><strong>Lnllem.</strong></span> 
     </span>
     <span class='ocr_line' id='line_1_21' title="bbox 434 2581 708 2633; baseline -0.007 0"><span class='ocrx_word' id='word_1_147' title='bbox 434 2595 483 2633; x_wconf 82' lang='lat' dir='ltr'><strong>et</strong></span> <span class='ocrx_word' id='word_1_148' title='bbox 510 2581 708 2633; x_wconf 75' lang='lat' dir='ltr'><strong>schiitz.</strong></span> 
     </span>
    </p>

    <p class='ocr_par' dir='ltr' id='par_1_5' title="bbox 430 2663 1459 3123">
     <span class='ocr_line' id='line_1_22' title="bbox 511 2663 1456 2713; baseline -0.002 -1"><span class='ocrx_word' id='word_1_149' title='bbox 511 2680 589 2713; x_wconf 80' lang='grc' dir='ltr'><strong>ιο.</strong></span> <span class='ocrx_word' id='word_1_150' title='bbox 620 2666 717 2711; x_wconf 82' lang='lat' dir='ltr'><strong>Usu</strong></span> <span class='ocrx_word' id='word_1_151' title='bbox 739 2664 940 2711; x_wconf 69' lang='lat' dir='ltr'><strong>evenire.</strong></span> <span class='ocrx_word' id='word_1_152' title='bbox 967 2663 1141 2711; x_wconf 78' lang='lat' dir='ltr'><strong>Venire</strong></span> <span class='ocrx_word' id='word_1_153' title='bbox 1166 2663 1338 2711; x_wconf 83' lang='lat' dir='ltr'><strong>maluit</strong></span> <span class='ocrx_word' id='word_1_154' title='bbox 1354 2664 1456 2711; x_wconf 87' lang='lat' dir='ltr'><strong>On·</strong></span> 
     </span>
     <span class='ocr_line' id='line_1_23' title="bbox 434 2742 1455 2809; baseline -0.006 -15"><span class='ocrx_word' id='word_1_155' title='bbox 434 2745 675 2808; x_wconf 80' lang='lat' dir='ltr'><strong>dendorp.</strong></span> <span class='ocrx_word' id='word_1_156' title='bbox 699 2745 811 2807; x_wconf 80' lang='lat' dir='ltr'><strong>quia</strong></span> <span class='ocrx_word' id='word_1_157' title='bbox 833 2744 938 2791; x_wconf 76' lang='lat' dir='ltr'><strong>haee</strong></span> <span class='ocrx_word' id='word_1_158' title='bbox 964 2744 1173 2809; x_wconf 84' lang='lat' dir='ltr'><strong>legitima</strong></span> <span class='ocrx_word' id='word_1_159' title='bbox 1194 2742 1348 2791; x_wconf 77' lang='lat' dir='ltr'><strong>forma</strong></span> <span class='ocrx_word' id='word_1_160' title='bbox 1367 2756 1455 2799; x_wconf 80' lang='lat' dir='ltr'><strong>est,</strong></span> 
     </span>
     <span class='ocr_line' id='line_1_24' title="bbox 430 2823 1454 2890; baseline -0.005 -16"><span class='ocrx_word' id='word_1_161' title='bbox 430 2836 481 2875; x_wconf 85' lang='lat' dir='ltr'><strong>et</strong></span> <span class='ocrx_word' id='word_1_162' title='bbox 516 2840 645 2890; x_wconf 60' lang='lat' dir='ltr'><strong>qaepe</strong></span> <span class='ocrx_word' id='word_1_163' title='bbox 672 2825 723 2871; x_wconf 86' lang='lat' dir='ltr'><strong>in</strong></span> <span class='ocrx_word' id='word_1_164' title='bbox 762 2823 901 2871; x_wconf 73' lang='lat' dir='ltr'><strong>libris</strong></span> <span class='ocrx_word' id='word_1_165' title='bbox 938 2824 1029 2871; x_wconf 74' lang='lat' dir='ltr'><strong>ieta</strong></span> <span class='ocrx_word' id='word_1_166' title='bbox 1065 2834 1179 2871; x_wconf 74' lang='lat' dir='ltr'><strong>eunt</strong></span> <span class='ocrx_word' id='word_1_167' title='bbox 1218 2823 1419 2871; x_wconf 75' lang='lat' dir='ltr'><strong>confusa</strong></span> <span class='ocrx_word' id='word_1_168' title='bbox 1440 2856 1454 2880; x_wconf 89' lang='lat'><strong>,</strong></span> 
     </span>
     <span class='ocr_line' id='line_1_25' title="bbox 430 2900 1453 2970; baseline -0.004 -17"><span class='ocrx_word' id='word_1_169' title='bbox 430 2905 568 2970; x_wconf 84' lang='lat' dir='ltr'><strong>quod</strong></span> <span class='ocrx_word' id='word_1_170' title='bbox 608 2904 777 2953; x_wconf 75' lang='lat' dir='ltr'><strong>multis</strong></span> <span class='ocrx_word' id='word_1_171' title='bbox 802 2903 1038 2967; x_wconf 71' lang='lat' dir='ltr'><strong>exemplis</strong></span> <span class='ocrx_word' id='word_1_172' title='bbox 1074 2902 1273 2967; x_wconf 79' lang='lat' dir='ltr'><strong>planum</strong></span> <span class='ocrx_word' id='word_1_173' title='bbox 1300 2900 1417 2949; x_wconf 79' lang='lat' dir='ltr'><strong>facit</strong></span> <span class='ocrx_word' id='word_1_174' title='bbox 1440 2915 1453 2948; x_wconf 89' lang='lat'>:</span> 
     </span>
     <span class='ocr_line' id='line_1_26' title="bbox 430 2982 1459 3033; baseline -0.004 0"><span class='ocrx_word' id='word_1_175' title='bbox 430 2984 517 3033; x_wconf 75' lang='lat' dir='ltr'><strong>sed</strong></span> <span class='ocrx_word' id='word_1_176' title='bbox 539 2984 654 3032; x_wconf 84' lang='lat' dir='ltr'><strong>libri</strong></span> <span class='ocrx_word' id='word_1_177' title='bbox 676 2994 956 3031; x_wconf 69' lang='lat' dir='ltr'><strong>constanter</strong></span> <span class='ocrx_word' id='word_1_178' title='bbox 970 2982 1023 3029; x_wconf 89' lang='lat' dir='ltr'><strong>in</strong></span> <span class='ocrx_word' id='word_1_179' title='bbox 1046 2982 1235 3029; x_wconf 73' lang='lat' dir='ltr'><strong>evenire</strong></span> <span class='ocrx_word' id='word_1_180' title='bbox 1253 2998 1459 3029; x_wconf 77' lang='lat' dir='ltr'><strong>consen·</strong></span> 
     </span>
     <span class='ocr_line' id='line_1_27' title="bbox 434 3062 1453 3123; baseline -0.003 -11"><span class='ocrx_word' id='word_1_181' title='bbox 434 3065 564 3112; x_wconf 87' lang='lat' dir='ltr'><strong>tinnt</strong></span> <span class='ocrx_word' id='word_1_182' title='bbox 583 3097 598 3123; x_wconf 88' lang='lat'><strong>,</strong></span> <span class='ocrx_word' id='word_1_183' title='bbox 618 3073 672 3110; x_wconf 91' lang='lat' dir='ltr'><strong>ut</strong></span> <span class='ocrx_word' id='word_1_184' title='bbox 700 3062 809 3110; x_wconf 74' lang='lat' dir='ltr'><strong>aliie</strong></span> <span class='ocrx_word' id='word_1_185' title='bbox 830 3063 976 3120; x_wconf 80' lang='lat' dir='ltr'><strong>loeis,</strong></span> <span class='ocrx_word' id='word_1_186' title='bbox 1004 3079 1049 3110; x_wconf 91' lang='lat' dir='ltr'><strong>v.</strong></span> <span class='ocrx_word' id='word_1_187' title='bbox 1072 3078 1117 3109; x_wconf 85' lang='lat' dir='ltr'><strong>e.</strong></span> <span class='ocrx_word' id='word_1_188' title='bbox 1140 3062 1263 3109; x_wconf 77' lang='lat' dir='ltr'><strong>infra</strong></span> <span class='ocrx_word' id='word_1_189' title='bbox 1286 3078 1332 3109; x_wconf 85' lang='lat' dir='ltr'><strong>c.</strong></span> <span class='ocrx_word' id='word_1_190' title='bbox 1362 3062 1453 3117; x_wconf 74' lang='lat'><strong>54,</strong></span> 
     </span>
    </p>
   </div>
   <div class='ocr_carea' id='block_1_3' title="bbox 1543 2426 2572 3122">
    <p class='ocr_par' dir='ltr' id='par_1_6' title="bbox 1543 2426 2566 2575">
     <span class='ocr_line' id='line_1_28' title="bbox 1543 2426 2566 2489; baseline -0.002 -16"><span class='ocrx_word' id='word_1_191' title='bbox 1543 2442 1640 2488; x_wconf 87' lang='lat' dir='ltr'><strong>que</strong></span> <span class='ocrx_word' id='word_1_192' title='bbox 1663 2426 1962 2489; x_wconf 73' lang='lat' dir='ltr'><strong>praeteritum</strong></span> <span class='ocrx_word' id='word_1_193' title='bbox 1989 2437 2180 2489; x_wconf 74' lang='lat' dir='ltr'><strong>tempus</strong></span> <span class='ocrx_word' id='word_1_194' title='bbox 2203 2436 2412 2489; x_wconf 71' lang='lat' dir='ltr'><strong>spectat.</strong></span> <span class='ocrx_word' id='word_1_195' title='bbox 2435 2426 2566 2473; x_wconf 56' lang='lat' dir='ltr'><strong>Car-</strong></span> 
     </span>
     <span class='ocr_line' id='line_1_29' title="bbox 1545 2504 2279 2575; baseline 0.001 -24"><span class='ocrx_word' id='word_1_196' title='bbox 1545 2520 1658 2552; x_wconf 71' lang='lat' dir='ltr'><strong>nu.</strong></span> <span class='ocrx_word' id='word_1_197' title='bbox 1677 2504 1822 2553; x_wconf 86' lang='lat' dir='ltr'><strong>-Cf.</strong></span> <span class='ocrx_word' id='word_1_198' title='bbox 1840 2506 1964 2553; x_wconf 79' lang='lat' dir='ltr'><strong>iufra</strong></span> <span class='ocrx_word' id='word_1_199' title='bbox 1985 2506 2055 2563; x_wconf 88' lang='lat'><strong>11,</strong></span> <span class='ocrx_word' id='word_1_200' title='bbox 2084 2508 2172 2565; x_wconf 82' lang='lat'><strong>37,</strong></span> <span class='ocrx_word' id='word_1_201' title='bbox 2193 2507 2279 2575; x_wconf 59' lang='lat'><strong>39.</strong></span> 
     </span>
    </p>

    <p class='ocr_par' dir='ltr' id='par_1_7' title="bbox 1545 2583 2572 3044">
     <span class='ocr_line' id='line_1_30' title="bbox 1619 2583 2570 2649; baseline 0.001 -18"><span class='ocrx_word' id='word_1_202' title='bbox 1619 2600 1670 2631; x_wconf 73' lang='lat' dir='ltr'><strong>a.</strong></span> <span class='ocrx_word' id='word_1_203' title='bbox 1701 2585 1850 2648; x_wconf 81' lang='lat' dir='ltr'><strong>AEqm&#39;</strong></span> <span class='ocrx_word' id='word_1_204' title='bbox 1867 2596 1914 2631; x_wconf 78' lang='lat' dir='ltr'><strong>ee</strong></span> <span class='ocrx_word' id='word_1_205' title='bbox 1936 2583 2098 2649; x_wconf 77' lang='lat' dir='ltr'><strong>iniqui</strong></span> <span class='ocrx_word' id='word_1_206' title='bbox 2111 2584 2308 2633; x_wconf 60' lang='lat' dir='ltr'><strong>nalum.</strong></span> <span class='ocrx_word' id='word_1_207' title='bbox 2329 2585 2410 2632; x_wconf 80' lang='lat' dir='ltr'><strong>Sic</strong></span> <span class='ocrx_word' id='word_1_208' title='bbox 2427 2600 2570 2648; x_wconf 75' lang='lat' dir='ltr'><strong>repo-</strong></span> 
     </span>
     <span class='ocr_line' id='line_1_31' title="bbox 1545 2662 2572 2713; baseline 0 -2"><span class='ocrx_word' id='word_1_209' title='bbox 1545 2663 1762 2711; x_wconf 88' lang='lat' dir='ltr'><strong>nendum</strong></span> <span class='ocrx_word' id='word_1_210' title='bbox 1789 2664 1976 2713; x_wconf 70' lang='lat' dir='ltr'><strong>censuit</strong></span> <span class='ocrx_word' id='word_1_211' title='bbox 2013 2663 2300 2713; x_wconf 68' lang='lat' dir='ltr'><strong>Gulielmius</strong></span> <span class='ocrx_word' id='word_1_212' title='bbox 2340 2680 2402 2713; x_wconf 79' lang='lat' dir='ltr'><strong>ex</strong></span> <span class='ocrx_word' id='word_1_213' title='bbox 2428 2662 2572 2711; x_wconf 70' lang='lat' dir='ltr'><strong>libris</strong></span> 
     </span>
     <span class='ocr_line' id='line_1_32' title="bbox 1547 2740 2568 2806; baseline -0.002 -15"><span class='ocrx_word' id='word_1_214' title='bbox 1547 2744 1774 2791; x_wconf 77' lang='lat' dir='ltr'><strong>omnibus</strong></span> <span class='ocrx_word' id='word_1_215' title='bbox 1801 2743 2006 2791; x_wconf 76' lang='lat' dir='ltr'><strong>suffridi</strong></span> <span class='ocrx_word' id='word_1_216' title='bbox 2044 2744 2225 2802; x_wconf 79' lang='lat' dir='ltr'><strong>nostri,</strong></span> <span class='ocrx_word' id='word_1_217' title='bbox 2267 2740 2447 2806; x_wconf 78' lang='lat' dir='ltr'><strong>quibus</strong></span> <span class='ocrx_word' id='word_1_218' title='bbox 2487 2758 2568 2789; x_wconf 80' lang='lat' dir='ltr'><strong>re-</strong></span> 
     </span>
     <span class='ocr_line' id='line_1_33' title="bbox 1547 2822 2568 2888; baseline -0.002 -18"><span class='ocrx_word' id='word_1_219' title='bbox 1547 2822 1758 2888; x_wconf 72' lang='lat' dir='ltr'><strong>spondet</strong></span> <span class='ocrx_word' id='word_1_220' title='bbox 1776 2823 1875 2871; x_wconf 74' lang='lat' dir='ltr'><strong>Pal.</strong></span> <span class='ocrx_word' id='word_1_221' title='bbox 1897 2838 1995 2871; x_wconf 67' lang='lat' dir='ltr'><strong>nec.</strong></span> <span class='ocrx_word' id='word_1_222' title='bbox 2038 2823 2202 2872; x_wconf 83' lang='lat' dir='ltr'><strong>Ceteri</strong></span> <span class='ocrx_word' id='word_1_223' title='bbox 2220 2822 2356 2887; x_wconf 80' lang='lat' dir='ltr'><strong>aeqm&#39;</strong></span> <span class='ocrx_word' id='word_1_224' title='bbox 2371 2832 2418 2868; x_wconf 79' lang='lat' dir='ltr'><strong>et</strong></span> <span class='ocrx_word' id='word_1_225' title='bbox 2433 2823 2568 2869; x_wconf 75' lang='lat' dir='ltr'><strong>recti.</strong></span> 
     </span>
     <span class='ocr_line' id='line_1_34' title="bbox 1547 2898 2568 2965; baseline -0.003 -16"><span class='ocrx_word' id='word_1_226' title='bbox 1547 2900 1799 2965; x_wconf 86' lang='lat' dir='ltr'><strong>quomodo</strong></span> <span class='ocrx_word' id='word_1_227' title='bbox 1820 2913 1958 2950; x_wconf 73' lang='lat' dir='ltr'><strong>antea</strong></span> <span class='ocrx_word' id='word_1_228' title='bbox 1977 2898 2568 2965; x_wconf 69' lang='lat' dir='ltr'><strong>vulgati.Gnu·r.—Cod.</strong></span> 
     </span>
     <span class='ocr_line' id='line_1_35' title="bbox 1547 2976 2566 3044; baseline -0.001 -17"><span class='ocrx_word' id='word_1_229' title='bbox 1547 2981 1648 3028; x_wconf 87' lang='lat' dir='ltr'><strong>Erf.</strong></span> <span class='ocrx_word' id='word_1_230' title='bbox 1675 2981 1758 3028; x_wconf 81' lang='lat' dir='ltr'><strong>dat</strong></span> <span class='ocrx_word' id='word_1_231' title='bbox 1785 2979 1919 3043; x_wconf 80' lang='lat' dir='ltr'><strong>oeqm&#39;</strong></span> <span class='ocrx_word' id='word_1_232' title='bbox 1935 2992 1984 3028; x_wconf 76' lang='lat' dir='ltr'><strong>ee</strong></span> <span class='ocrx_word' id='word_1_233' title='bbox 2009 2979 2197 3044; x_wconf 80' lang='lat' dir='ltr'><strong>iniqui,</strong></span> <span class='ocrx_word' id='word_1_234' title='bbox 2229 2989 2350 3027; x_wconf 75' lang='lat' dir='ltr'><strong>teste</strong></span> <span class='ocrx_word' id='word_1_235' title='bbox 2367 2976 2566 3026; x_wconf 75' lang='lat' dir='ltr'><strong>sehiiiz.</strong></span> 
     </span>
    </p>

    <p class='ocr_par' dir='ltr' id='par_1_8' title="bbox 1621 3048 2572 3122">
     <span class='ocr_line' id='line_1_36' title="bbox 1621 3048 2572 3122; baseline 0 -15"><span class='ocrx_word' id='word_1_236' title='bbox 1621 3060 1672 3107; x_wconf 78' lang='lat'><strong>3.</strong></span> <span class='ocrx_word' id='word_1_237' title='bbox 1703 3057 1926 3119; x_wconf 66' lang='lat' dir='ltr'><strong>Proemu‘,</strong></span> <span class='ocrx_word' id='word_1_238' title='bbox 1972 3070 2065 3107; x_wconf 79' lang='lat' dir='ltr'><strong>aue</strong></span> <span class='ocrx_word' id='word_1_239' title='bbox 2078 3074 2261 3122; x_wconf 80' lang='lat' dir='ltr'><strong>poenae.</strong></span> <span class='ocrx_word' id='word_1_240' title='bbox 2284 3057 2448 3120; x_wconf 79' lang='lat' dir='ltr'><strong>Vulgo</strong></span> <span class='ocrx_word' id='word_1_241' title='bbox 2481 3048 2572 3107; x_wconf 65' lang='lat' dir='ltr'><strong>aui</strong></span> 
     </span>
    </p>
   </div>
   <div class='ocr_carea' id='block_1_4' title="bbox 434 3134 2634 3207">
    <p class='ocr_par' dir='ltr' id='par_1_9' title="bbox 434 3134 2634 3207">
     <span class='ocr_line' id='line_1_37' title="bbox 434 3134 2634 3207; baseline -0.006 -14"><span class='ocrx_word' id='word_1_242' title='bbox 434 3144 529 3193; x_wconf 80' lang='lat' dir='ltr'><strong>nisi</strong></span> <span class='ocrx_word' id='word_1_243' title='bbox 548 3142 683 3207; x_wconf 88' lang='lat' dir='ltr'><strong>quod</strong></span> <span class='ocrx_word' id='word_1_244' title='bbox 706 3144 802 3190; x_wconf 89' lang='lat' dir='ltr'><strong>Gu.</strong></span> <span class='ocrx_word' id='word_1_245' title='bbox 827 3152 1033 3207; x_wconf 76' lang='lat' dir='ltr'><strong>uterque</strong></span> <span class='ocrx_word' id='word_1_246' title='bbox 1050 3143 1103 3188; x_wconf 88' lang='lat' dir='ltr'><strong>in</strong></span> <span class='ocrx_word' id='word_1_247' title='bbox 1118 3152 1324 3204; x_wconf 81' lang='lat' dir='ltr'><strong>utroque</strong></span> <span class='ocrx_word' id='word_1_248' title='bbox 1342 3141 1457 3188; x_wconf 89' lang='lat' dir='ltr'><strong>loco</strong></span> <span class='ocrx_word' id='word_1_249' title='bbox 1543 3154 1735 3201; x_wconf 70' lang='lat' dir='ltr'><strong>poenee,</strong></span> <span class='ocrx_word' id='word_1_250' title='bbox 1775 3150 1864 3186; x_wconf 73' lang='lat' dir='ltr'><strong>atae</strong></span> <span class='ocrx_word' id='word_1_251' title='bbox 1893 3136 2110 3202; x_wconf 78' lang='lat' dir='ltr'><strong>proemii.</strong></span> <span class='ocrx_word' id='word_1_252' title='bbox 2151 3136 2428 3185; x_wconf 73' lang='lat' dir='ltr'><strong>Delevimus</strong></span> <span class='ocrx_word' id='word_1_253' title='bbox 2467 3134 2570 3198; x_wconf 81' lang='lat' dir='ltr'><strong>pri-</strong></span> <span class='ocrx_word' id='word_1_254' title='bbox 2629 3162 2634 3167; x_wconf 72' lang='grc'><em>·</em></span> 
     </span>
    </p>
   </div>
   <div class='ocr_carea' id='block_1_5' title="bbox 436 3218 1467 4159">
    <p class='ocr_par' dir='ltr' id='par_1_10' title="bbox 436 3218 1463 3521">
     <span class='ocr_line' id='line_1_38' title="bbox 436 3218 1459 3281; baseline -0.006 -10"><span class='ocrx_word' id='word_1_255' title='bbox 436 3223 586 3272; x_wconf 73' lang='lat' dir='ltr'><strong>babet</strong></span> <span class='ocrx_word' id='word_1_256' title='bbox 606 3220 791 3269; x_wconf 76' lang='lat' dir='ltr'><strong>venire.</strong></span> <span class='ocrx_word' id='word_1_257' title='bbox 817 3218 998 3267; x_wconf 80' lang='lat' dir='ltr'><strong>Venire</strong></span> <span class='ocrx_word' id='word_1_258' title='bbox 1012 3220 1114 3281; x_wconf 78' lang='lat' dir='ltr'><strong>jam</strong></span> <span class='ocrx_word' id='word_1_259' title='bbox 1131 3218 1291 3269; x_wconf 81' lang='lat' dir='ltr'><strong>edidit</strong></span> <span class='ocrx_word' id='word_1_260' title='bbox 1322 3220 1459 3267; x_wconf 80' lang='lat' dir='ltr'><strong>Lam-</strong></span> 
     </span>
     <span class='ocr_line' id='line_1_39' title="bbox 436 3297 1461 3353; baseline -0.008 -1"><span class='ocrx_word' id='word_1_261' title='bbox 436 3304 599 3353; x_wconf 71' lang='lat' dir='ltr'><strong>binus.</strong></span> <span class='ocrx_word' id='word_1_262' title='bbox 618 3301 745 3348; x_wconf 71' lang='lat' dir='ltr'><strong>Ean.</strong></span> <span class='ocrx_word' id='word_1_263' title='bbox 766 3324 833 3336; x_wconf 83' lang='lat'><strong>—-</strong></span> <span class='ocrx_word' id='word_1_264' title='bbox 854 3297 1109 3347; x_wconf 74' lang='lat' dir='ltr'><strong>Schiitzius</strong></span> <span class='ocrx_word' id='word_1_265' title='bbox 1136 3299 1273 3347; x_wconf 75' lang='lat' dir='ltr'><strong>dedit</strong></span> <span class='ocrx_word' id='word_1_266' title='bbox 1290 3298 1461 3345; x_wconf 54' lang='lat' dir='ltr'><strong>venen</strong></span> 
     </span>
     <span class='ocr_line' id='line_1_40' title="bbox 438 3377 1463 3433; baseline -0.011 0"><span class='ocrx_word' id='word_1_267' title='bbox 438 3402 467 3433; x_wconf 88' lang='lat' dir='ltr'><strong>e</strong></span> <span class='ocrx_word' id='word_1_268' title='bbox 488 3380 636 3431; x_wconf 81' lang='lat' dir='ltr'><strong>codd.</strong></span> <span class='ocrx_word' id='word_1_269' title='bbox 659 3379 761 3428; x_wconf 71' lang='lat' dir='ltr'><strong>nrt.</strong></span> <span class='ocrx_word' id='word_1_270' title='bbox 789 3378 972 3429; x_wconf 84' lang='lat' dir='ltr'><strong>Caueb.</strong></span> <span class='ocrx_word' id='word_1_271' title='bbox 994 3377 1130 3428; x_wconf 85' lang='lat' dir='ltr'><strong>Leid.</strong></span> <span class='ocrx_word' id='word_1_272' title='bbox 1151 3393 1204 3425; x_wconf 75' lang='lat' dir='ltr'><strong>a.</strong></span> <span class='ocrx_word' id='word_1_273' title='bbox 1228 3403 1297 3414; x_wconf 92' lang='lat'><strong>-—</strong></span> <span class='ocrx_word' id='word_1_274' title='bbox 1316 3377 1463 3425; x_wconf 85' lang='lat' dir='ltr'><strong>Conf.</strong></span> 
     </span>
     <span class='ocr_line' id='line_1_41' title="bbox 438 3458 1315 3521; baseline -0.007 -11"><span class='ocrx_word' id='word_1_275' title='bbox 438 3464 559 3510; x_wconf 83' lang='lat' dir='ltr'><strong>Her.</strong></span> <span class='ocrx_word' id='word_1_276' title='bbox 586 3462 643 3521; x_wconf 90' lang='lat'><strong>1,</strong></span> <span class='ocrx_word' id='word_1_277' title='bbox 670 3466 731 3514; x_wconf 71' lang='lat'><strong>14</strong></span> <span class='ocrx_word' id='word_1_278' title='bbox 748 3492 764 3519; x_wconf 83' lang='lat'><strong>,</strong></span> <span class='ocrx_word' id='word_1_279' title='bbox 786 3469 835 3507; x_wconf 83' lang='lat' dir='ltr'><strong>et</strong></span> <span class='ocrx_word' id='word_1_280' title='bbox 852 3458 979 3505; x_wconf 82' lang='lat' dir='ltr'><strong>infra</strong></span> <span class='ocrx_word' id='word_1_281' title='bbox 996 3476 1041 3505; x_wconf 85' lang='lat' dir='ltr'><strong>e.</strong></span> <span class='ocrx_word' id='word_1_282' title='bbox 1066 3460 1129 3513; x_wconf 70' lang='lat'><strong>43</strong></span> <span class='ocrx_word' id='word_1_283' title='bbox 1163 3468 1211 3504; x_wconf 86' lang='lat' dir='ltr'><strong>et</strong></span> <span class='ocrx_word' id='word_1_284' title='bbox 1234 3458 1315 3517; x_wconf 71' lang='grc'><strong>54.</strong></span> 
     </span>
    </p>

    <p class='ocr_par' dir='ltr' id='par_1_11' title="bbox 436 3530 1467 4159">
     <span class='ocr_line' id='line_1_42' title="bbox 509 3530 1464 3589; baseline -0.006 0"><span class='ocrx_word' id='word_1_285' title='bbox 509 3541 603 3589; x_wconf 79' lang='lat' dir='ltr'><strong>xl.</strong></span> <span class='ocrx_word' id='word_1_286' title='bbox 636 3554 678 3586; x_wconf 82' lang='lat'><strong>1.</strong></span> <span class='ocrx_word' id='word_1_287' title='bbox 698 3538 994 3587; x_wconf 65' lang='lat' dir='ltr'><strong>Iuridicialb</strong></span> <span class='ocrx_word' id='word_1_288' title='bbox 1020 3548 1107 3585; x_wconf 81' lang='lat' dir='ltr'><strong>est.</strong></span> <span class='ocrx_word' id='word_1_289' title='bbox 1127 3534 1193 3585; x_wconf 84' lang='grc' dir='ltr'><strong>Τὸ</strong></span> <span class='ocrx_word' id='word_1_290' title='bbox 1222 3530 1464 3585; x_wconf 72' lang='grc' dir='ltr'>δικαιολο-</span> 
     </span>
     <span class='ocr_line' id='line_1_43' title="bbox 436 3612 1465 3692; baseline -0.009 -21"><span class='ocrx_word' id='word_1_291' title='bbox 436 3619 568 3692; x_wconf 75' lang='grc' dir='ltr'>γικὸν</span> <span class='ocrx_word' id='word_1_292' title='bbox 582 3657 596 3680; x_wconf 93' lang='grc'><strong>,</strong></span> <span class='ocrx_word' id='word_1_293' title='bbox 615 3618 647 3673; x_wconf 72' lang='grc' dir='ltr'>ἡ</span> <span class='ocrx_word' id='word_1_294' title='bbox 662 3612 993 3686; x_wconf 71' lang='grc' dir='ltr'>δικαιολογικῆ</span> <span class='ocrx_word' id='word_1_295' title='bbox 1011 3612 1199 3673; x_wconf 75' lang='grc' dir='ltr'>στάσις,</span> <span class='ocrx_word' id='word_1_296' title='bbox 1222 3616 1361 3676; x_wconf 73' lang='lat' dir='ltr'><strong>eujus</strong></span> <span class='ocrx_word' id='word_1_297' title='bbox 1380 3631 1465 3663; x_wconf 85' lang='lat' dir='ltr'><strong>vo·</strong></span> 
     </span>
     <span class='ocr_line' id='line_1_44' title="bbox 441 3694 1467 3761; baseline -0.01 -9"><span class='ocrx_word' id='word_1_298' title='bbox 441 3701 607 3752; x_wconf 65' lang='lat' dir='ltr'><strong>eubuli</strong></span> <span class='ocrx_word' id='word_1_299' title='bbox 626 3701 782 3747; x_wconf 72' lang='lat' dir='ltr'><strong>varias</strong></span> <span class='ocrx_word' id='word_1_300' title='bbox 807 3694 1185 3761; x_wconf 74' lang='lat' dir='ltr'><strong>significationes</strong></span> <span class='ocrx_word' id='word_1_301' title='bbox 1204 3694 1314 3743; x_wconf 82' lang='lat' dir='ltr'><strong>vide</strong></span> <span class='ocrx_word' id='word_1_302' title='bbox 1333 3694 1467 3758; x_wconf 79' lang='lat' dir='ltr'><strong>apud</strong></span> 
     </span>
     <span class='ocr_line' id='line_1_45' title="bbox 443 3775 1463 3847; baseline -0.009 -17"><span class='ocrx_word' id='word_1_303' title='bbox 443 3778 653 3847; x_wconf 87' lang='lat' dir='ltr'><strong>Quintil.</strong></span> <span class='ocrx_word' id='word_1_304' title='bbox 674 3796 724 3843; x_wconf 85' lang='lat' dir='ltr'><strong>p.</strong></span> <span class='ocrx_word' id='word_1_305' title='bbox 750 3785 845 3837; x_wconf 72' lang='lat'><strong>¹74</strong></span> <span class='ocrx_word' id='word_1_306' title='bbox 859 3810 873 3834; x_wconf 91' lang='lat'><strong>,</strong></span> <span class='ocrx_word' id='word_1_307' title='bbox 892 3786 998 3824; x_wconf 88' lang='lat' dir='ltr'><strong>not.</strong></span> <span class='ocrx_word' id='word_1_308' title='bbox 1022 3776 1081 3823; x_wconf 81' lang='lat'><strong>31</strong></span> <span class='ocrx_word' id='word_1_309' title='bbox 1096 3790 1139 3819; x_wconf 77' lang='grc' dir='ltr'><strong>ι.</strong></span> <span class='ocrx_word' id='word_1_310' title='bbox 1160 3775 1289 3823; x_wconf 81' lang='lat' dir='ltr'><strong>Cave</strong></span> <span class='ocrx_word' id='word_1_311' title='bbox 1300 3785 1463 3823; x_wconf 74' lang='lat' dir='ltr'><strong>autem</strong></span> 
     </span>
     <span class='ocr_line' id='line_1_46' title="bbox 444 3852 1464 3926; baseline -0.009 -15"><span class='ocrx_word' id='word_1_312' title='bbox 444 3862 717 3911; x_wconf 77' lang='lat' dir='ltr'><strong>confundas</strong></span> <span class='ocrx_word' id='word_1_313' title='bbox 762 3856 815 3909; x_wconf 79' lang='grc' dir='ltr'><strong>τὸ</strong></span> <span class='ocrx_word' id='word_1_314' title='bbox 862 3852 1209 3926; x_wconf 72' lang='grc' dir='ltr'>δοιαιολογοιὸν</span> <span class='ocrx_word' id='word_1_315' title='bbox 1224 3892 1239 3915; x_wconf 86' lang='grc'><em>,</em></span> <span class='ocrx_word' id='word_1_316' title='bbox 1276 3855 1464 3922; x_wconf 77' lang='lat' dir='ltr'><strong>juridi-</strong></span> 
     </span>
     <span class='ocr_line' id='line_1_47' title="bbox 446 3932 1464 4004; baseline -0.008 -15"><span class='ocrx_word' id='word_1_317' title='bbox 446 3942 573 3988; x_wconf 77' lang='lat' dir='ltr'><strong>ce’ale</strong></span> <span class='ocrx_word' id='word_1_318' title='bbox 586 3975 599 3997; x_wconf 92' lang='lat'><strong>,</strong></span> <span class='ocrx_word' id='word_1_319' title='bbox 649 3956 760 3986; x_wconf 88' lang='lat' dir='ltr'><strong>cum</strong></span> <span class='ocrx_word' id='word_1_320' title='bbox 797 3942 863 4004; x_wconf 79' lang='grc' dir='ltr'><strong>τῷ</strong></span> <span class='ocrx_word' id='word_1_321' title='bbox 901 3932 1133 4003; x_wconf 70' lang='grc' dir='ltr'>δικανικῷ</span> <span class='ocrx_word' id='word_1_322' title='bbox 1152 3974 1167 3997; x_wconf 86' lang='grc'>,</span> <span class='ocrx_word' id='word_1_323' title='bbox 1204 3934 1464 4001; x_wconf 78' lang='lat' dir='ltr'><strong>judiciali.</strong></span> 
     </span>
     <span class='ocr_line' id='line_1_48' title="bbox 448 4013 1465 4077; baseline -0.005 -11"><span class='ocrx_word' id='word_1_324' title='bbox 448 4022 609 4066; x_wconf 74' lang='lat' dir='ltr'><strong>Status</strong></span> <span class='ocrx_word' id='word_1_325' title='bbox 650 4018 728 4064; x_wconf 87' lang='lat' dir='ltr'><strong>ille</strong></span> <span class='ocrx_word' id='word_1_326' title='bbox 766 4014 1054 4077; x_wconf 78' lang='lat' dir='ltr'><strong>iuridicialis</strong></span> <span class='ocrx_word' id='word_1_327' title='bbox 1094 4026 1165 4063; x_wconf 78' lang='lat' dir='ltr'><strong>est</strong></span> <span class='ocrx_word' id='word_1_328' title='bbox 1194 4013 1254 4061; x_wconf 83' lang='lat' dir='ltr'><strong>de</strong></span> <span class='ocrx_word' id='word_1_329' title='bbox 1296 4030 1349 4061; x_wconf 87' lang='lat' dir='ltr'><strong>re</strong></span> <span class='ocrx_word' id='word_1_330' title='bbox 1368 4014 1465 4073; x_wconf 73' lang='lat' dir='ltr'><strong>jam</strong></span> 
     </span>
     <span class='ocr_line' id='line_1_49' title="bbox 445 4092 1465 4159; baseline -0.003 -16"><span class='ocrx_word' id='word_1_331' title='bbox 445 4098 565 4143; x_wconf 75' lang='lat' dir='ltr'><strong>sacta</strong></span> <span class='ocrx_word' id='word_1_332' title='bbox 580 4132 593 4157; x_wconf 90' lang='lat'><strong>,</strong></span> <span class='ocrx_word' id='word_1_333' title='bbox 611 4096 670 4143; x_wconf 83' lang='lat' dir='ltr'><strong>de</strong></span> <span class='ocrx_word' id='word_1_334' title='bbox 690 4098 879 4143; x_wconf 75' lang='lat' dir='ltr'><strong>actione</strong></span> <span class='ocrx_word' id='word_1_335' title='bbox 898 4097 996 4157; x_wconf 84' lang='lat' dir='ltr'><strong>jam</strong></span> <span class='ocrx_word' id='word_1_336' title='bbox 1014 4104 1283 4159; x_wconf 78' lang='lat' dir='ltr'><strong>perpetrata</strong></span> <span class='ocrx_word' id='word_1_337' title='bbox 1300 4128 1313 4149; x_wconf 87' lang='lat'><strong>,</strong></span> <span class='ocrx_word' id='word_1_338' title='bbox 1331 4092 1465 4141; x_wconf 80' lang='lat' dir='ltr'><strong>ideo-</strong></span> 
     </span>
    </p>
   </div>
   <div class='ocr_carea' id='block_1_6' title="bbox 1549 3214 2582 4147">
    <p class='ocr_par' dir='ltr' id='par_1_12' title="bbox 1549 3214 2571 3425">
     <span class='ocr_line' id='line_1_50' title="bbox 1549 3214 2570 3281; baseline -0.004 -16"><span class='ocrx_word' id='word_1_339' title='bbox 1549 3234 1680 3267; x_wconf 83' lang='lat' dir='ltr'><strong>mum</strong></span> <span class='ocrx_word' id='word_1_340' title='bbox 1709 3228 1826 3275; x_wconf 80' lang='lat' dir='ltr'><strong>aue,</strong></span> <span class='ocrx_word' id='word_1_341' title='bbox 1858 3216 1994 3281; x_wconf 84' lang='lat' dir='ltr'><strong>quod</strong></span> <span class='ocrx_word' id='word_1_342' title='bbox 2029 3232 2158 3281; x_wconf 78' lang='lat' dir='ltr'><strong>eaepe</strong></span> <span class='ocrx_word' id='word_1_343' title='bbox 2183 3214 2308 3263; x_wconf 79' lang='lat' dir='ltr'><strong>male</strong></span> <span class='ocrx_word' id='word_1_344' title='bbox 2339 3217 2570 3263; x_wconf 69' lang='lat' dir='ltr'><strong>insertum</strong></span> 
     </span>
     <span class='ocr_line' id='line_1_51' title="bbox 1551 3294 2571 3361; baseline -0.006 -16"><span class='ocrx_word' id='word_1_345' title='bbox 1551 3307 1652 3357; x_wconf 72' lang='lat' dir='ltr'><strong>eet,</strong></span> <span class='ocrx_word' id='word_1_346' title='bbox 1681 3312 1832 3361; x_wconf 85' lang='lat' dir='ltr'><strong>quum</strong></span> <span class='ocrx_word' id='word_1_347' title='bbox 1859 3296 2081 3360; x_wconf 80' lang='lat' dir='ltr'><strong>proxime</strong></span> <span class='ocrx_word' id='word_1_348' title='bbox 2097 3294 2404 3359; x_wconf 71' lang='lat' dir='ltr'><strong>sequebatur.</strong></span> <span class='ocrx_word' id='word_1_349' title='bbox 2429 3294 2571 3340; x_wconf 73' lang='lat' dir='ltr'><strong>Lam-</strong></span> 
     </span>
     <span class='ocr_line' id='line_1_52' title="bbox 1555 3375 2166 3425; baseline -0.003 -1"><span class='ocrx_word' id='word_1_350' title='bbox 1555 3377 1700 3425; x_wconf 72' lang='lat' dir='ltr'><strong>binus</strong></span> <span class='ocrx_word' id='word_1_351' title='bbox 1725 3376 1881 3423; x_wconf 81' lang='lat' dir='ltr'><strong>edidit</strong></span> <span class='ocrx_word' id='word_1_352' title='bbox 1905 3376 2010 3423; x_wconf 80' lang='lat' dir='ltr'><strong>vel.</strong></span> <span class='ocrx_word' id='word_1_353' title='bbox 2036 3375 2166 3422; x_wconf 69' lang='lat' dir='ltr'><strong>Eun.</strong></span> 
     </span>
    </p>

    <p class='ocr_par' dir='ltr' id='par_1_13' title="bbox 1553 3449 2578 3915">
     <span class='ocr_line' id='line_1_53' title="bbox 1630 3449 2572 3520; baseline -0.004 -17"><span class='ocrx_word' id='word_1_354' title='bbox 1630 3464 1679 3511; x_wconf 76' lang='grc'><strong>4.</strong></span> <span class='ocrx_word' id='word_1_355' title='bbox 1695 3454 1964 3520; x_wconf 73' lang='lat' dir='ltr'><strong>Negotialis</strong></span> <span class='ocrx_word' id='word_1_356' title='bbox 1985 3463 2074 3501; x_wconf 75' lang='lat' dir='ltr'><strong>est.</strong></span> <span class='ocrx_word' id='word_1_357' title='bbox 2091 3451 2157 3501; x_wconf 86' lang='grc' dir='ltr'><strong>Τὸ</strong></span> <span class='ocrx_word' id='word_1_358' title='bbox 2175 3449 2528 3520; x_wconf 56' lang='lat' dir='ltr'><strong>upana-artabat,</strong></span> <span class='ocrx_word' id='word_1_359' title='bbox 2541 3450 2572 3505; x_wconf 71' lang='grc' dir='ltr'>ἡ</span> 
     </span>
     <span class='ocr_line' id='line_1_54' title="bbox 1553 3530 2574 3604; baseline -0.007 -19"><span class='ocrx_word' id='word_1_360' title='bbox 1553 3532 1872 3604; x_wconf 74' lang='grc' dir='ltr'>πραγματικὴ</span> <span class='ocrx_word' id='word_1_361' title='bbox 1889 3531 2050 3589; x_wconf 76' lang='grc' dir='ltr'>στάσις</span> <span class='ocrx_word' id='word_1_362' title='bbox 2065 3569 2079 3591; x_wconf 91' lang='grc'><em>,</em></span> <span class='ocrx_word' id='word_1_363' title='bbox 2097 3532 2236 3591; x_wconf 73' lang='lat' dir='ltr'><strong>euius</strong></span> <span class='ocrx_word' id='word_1_364' title='bbox 2249 3530 2478 3578; x_wconf 77' lang='lat' dir='ltr'><strong>vocabuli</strong></span> <span class='ocrx_word' id='word_1_365' title='bbox 2495 3546 2574 3578; x_wconf 77' lang='lat' dir='ltr'><strong>va-</strong></span> 
     </span>
     <span class='ocr_line' id='line_1_55' title="bbox 1557 3610 2572 3678; baseline -0.006 -16"><span class='ocrx_word' id='word_1_366' title='bbox 1557 3618 1654 3662; x_wconf 72' lang='lat' dir='ltr'><strong>rios</strong></span> <span class='ocrx_word' id='word_1_367' title='bbox 1671 3612 1876 3678; x_wconf 74' lang='lat' dir='ltr'><strong>exposui</strong></span> <span class='ocrx_word' id='word_1_368' title='bbox 1897 3610 2198 3676; x_wconf 72' lang='lat' dir='ltr'><strong>significatus</strong></span> <span class='ocrx_word' id='word_1_369' title='bbox 2215 3611 2266 3657; x_wconf 88' lang='lat' dir='ltr'><strong>iu</strong></span> <span class='ocrx_word' id='word_1_370' title='bbox 2285 3610 2572 3671; x_wconf 81' lang='lat' dir='ltr'><strong>Quintilian.</strong></span> 
     </span>
     <span class='ocr_line' id='line_1_56' title="bbox 1555 3688 2574 3763; baseline -0.004 -24"><span class='ocrx_word' id='word_1_371' title='bbox 1555 3702 1762 3763; x_wconf 51' lang='lat'>&amp;¹7⁴⁵</span> <span class='ocrx_word' id='word_1_372' title='bbox 1782 3702 1886 3740; x_wconf 87' lang='lat' dir='ltr'><strong>not.</strong></span> <span class='ocrx_word' id='word_1_373' title='bbox 1913 3692 1972 3739; x_wconf 73' lang='lat'><strong>31</strong></span> <span class='ocrx_word' id='word_1_374' title='bbox 1991 3706 2033 3737; x_wconf 80' lang='lat' dir='ltr'><strong>r.</strong></span> <span class='ocrx_word' id='word_1_375' title='bbox 2059 3692 2220 3738; x_wconf 74' lang='lat' dir='ltr'><strong>Status</strong></span> <span class='ocrx_word' id='word_1_376' title='bbox 2245 3688 2328 3737; x_wconf 88' lang='lat' dir='ltr'><strong>ille</strong></span> <span class='ocrx_word' id='word_1_377' title='bbox 2357 3689 2574 3751; x_wconf 72' lang='lat' dir='ltr'><strong>negotia·</strong></span> 
     </span>
     <span class='ocr_line' id='line_1_57' title="bbox 1556 3766 2578 3831; baseline -0.008 -10"><span class='ocrx_word' id='word_1_378' title='bbox 1556 3774 1615 3821; x_wconf 81' lang='lat' dir='ltr'><strong>lis</strong></span> <span class='ocrx_word' id='word_1_379' title='bbox 1646 3784 1718 3820; x_wconf 77' lang='lat' dir='ltr'><strong>eet</strong></span> <span class='ocrx_word' id='word_1_380' title='bbox 1738 3770 1797 3819; x_wconf 88' lang='lat' dir='ltr'><strong>de</strong></span> <span class='ocrx_word' id='word_1_381' title='bbox 1825 3787 1877 3817; x_wconf 87' lang='lat' dir='ltr'><strong>re</strong></span> <span class='ocrx_word' id='word_1_382' title='bbox 1905 3768 2149 3828; x_wconf 79' lang='lat' dir='ltr'><strong>facienda,</strong></span> <span class='ocrx_word' id='word_1_383' title='bbox 2167 3769 2334 3831; x_wconf 76' lang='lat' dir='ltr'><strong>sieque</strong></span> <span class='ocrx_word' id='word_1_384' title='bbox 2353 3766 2415 3814; x_wconf 78' lang='lat' dir='ltr'><strong>ad</strong></span> <span class='ocrx_word' id='word_1_385' title='bbox 2445 3768 2578 3815; x_wconf 82' lang='lat' dir='ltr'><strong>futu-</strong></span> 
     </span>
     <span class='ocr_line' id='line_1_58' title="bbox 1556 3848 2374 3915; baseline -0.008 -14"><span class='ocrx_word' id='word_1_386' title='bbox 1556 3870 1662 3901; x_wconf 85' lang='lat' dir='ltr'><strong>rum</strong></span> <span class='ocrx_word' id='word_1_387' title='bbox 1691 3863 1880 3915; x_wconf 73' lang='lat' dir='ltr'><strong>tempus</strong></span> <span class='ocrx_word' id='word_1_388' title='bbox 1899 3850 2127 3914; x_wconf 81' lang='lat' dir='ltr'><strong>pertinet.</strong></span> <span class='ocrx_word' id='word_1_389' title='bbox 2153 3848 2374 3897; x_wconf 59' lang='grc' dir='ltr'><strong>(ΞΜ-ιιι.</strong></span> 
     </span>
    </p>

    <p class='ocr_par' dir='ltr' id='par_1_14' title="bbox 1557 3914 2582 4147">
     <span class='ocr_line' id='line_1_59' title="bbox 1631 3914 2582 3987; baseline -0.009 -8"><span class='ocrx_word' id='word_1_390' title='bbox 1631 3934 1678 3981; x_wconf 85' lang='lat'><strong>5.</strong></span> <span class='ocrx_word' id='word_1_391' title='bbox 1705 3928 1944 3978; x_wconf 78' lang='lat' dir='ltr'><strong>Absoluta</strong></span> <span class='ocrx_word' id='word_1_392' title='bbox 1983 3939 2068 3975; x_wconf 80' lang='lat' dir='ltr'><strong>esc.</strong></span> <span class='ocrx_word' id='word_1_393' title='bbox 2101 3914 2368 3987; x_wconf 76' lang='grc' dir='ltr'>Ᾰντίληψις,</span> <span class='ocrx_word' id='word_1_394' title='bbox 2397 3924 2475 3971; x_wconf 85' lang='lat' dir='ltr'><strong>vel</strong></span> <span class='ocrx_word' id='word_1_395' title='bbox 2501 3922 2582 3973; x_wconf 81' lang='grc' dir='ltr'><strong>ἁν-</strong></span> 
     </span>
     <span class='ocr_line' id='line_1_60' title="bbox 1557 4004 2580 4073; baseline -0.01 -14"><span class='ocrx_word' id='word_1_396' title='bbox 1557 4008 1810 4063; x_wconf 73' lang='grc' dir='ltr'>τιληπτική</span> <span class='ocrx_word' id='word_1_397' title='bbox 1835 4006 2011 4073; x_wconf 63' lang='grc' dir='ltr'><strong>στάσις.</strong></span> <span class='ocrx_word' id='word_1_398' title='bbox 2045 4010 2170 4069; x_wconf 78' lang='lat' dir='ltr'><strong>Lege</strong></span> <span class='ocrx_word' id='word_1_399' title='bbox 2191 4006 2361 4067; x_wconf 80' lang='lat' dir='ltr'><strong>Quint.</strong></span> <span class='ocrx_word' id='word_1_400' title='bbox 2385 4020 2438 4067; x_wconf 83' lang='lat' dir='ltr'><strong>n.</strong></span> <span class='ocrx_word' id='word_1_401' title='bbox 2466 4004 2522 4050; x_wconf 73' lang='lat'><strong>18</strong></span> <span class='ocrx_word' id='word_1_402' title='bbox 2537 4019 2580 4061; x_wconf 78' lang='lat' dir='ltr'><strong>t,</strong></span> 
     </span>
     <span class='ocr_line' id='line_1_61' title="bbox 1559 4090 2048 4147; baseline -0.008 -8"><span class='ocrx_word' id='word_1_403' title='bbox 1559 4103 1665 4140; x_wconf 86' lang='lat' dir='ltr'><strong>not.</strong></span> <span class='ocrx_word' id='word_1_404' title='bbox 1697 4092 1811 4147; x_wconf 69' lang='lat'><strong>468.</strong></span> <span class='ocrx_word' id='word_1_405' title='bbox 1837 4090 2048 4137; x_wconf 67' lang='lat' dir='ltr'><strong>(lu-ran.</strong></span> 
     </span>
    </p>
   </div>
  </div>
 </body>
</html>
