2982 4682
492 430 628 507 552
1174 436 1273 502 M.
1322 436 1399 501 T.
1453 434 1938 505 CICEROMS

482 562 805 629 Deorum
836 555 1031 625 enim
1058 556 1285 625 virtus
1316 568 1572 625 natura
1610 553 1928 641 excellit;
1965 554 2352 627 hominum
2381 572 2615 629 autem

484 664 857 737 industria.

580 776 837 847 Divina
872 773 1021 845 haec
1049 772 1199 844 fere
1229 788 1398 844 sunt
1429 776 1841 845 testimonia
1869 800 1886 843 ε
1921 774 2240 871 primum
2275 779 2614 847 orationis

484 886 821 983 (oracula
850 888 1045 957 enim
1078 910 1169 956 ex
1208 909 1298 956 eo
1337 888 1500 980 ipso
1534 884 1892 981 appellata
1936 900 2148 970 sunt,
2193 883 2392 981 quod
2430 887 2610 957 inest

490 1000 565 1067 in
592 995 703 1066 his
727 996 1029 1067 deorum
1056 996 1285 1065 oratio
1302 994 1360 1089 );
1377 993 1642 1065 deinde
1675 1018 1918 1065 rerum
1938 1048 1958 1080 ,
1980 995 2058 1064 in
2082 993 2348 1091 quibus
2373 996 2614 1066 insunt

492 1107 699 1203 quasi
737 1128 957 1202 opera
987 1103 1228 1174 divina
1271 1101 1599 1198 quaedam
1621 1114 1690 1191 ⁷3
1737 1104 2050 1201 primum
2088 1107 2240 1202 ipse
2271 1104 2610 1191 mundu5‚

488 1217 791 1311 ejusque
820 1217 1057 1285 omnis
1082 1211 1265 1283 ordo
1302 1227 1376 1283 et
1404 1226 1740 1299 ornatus;
1775 1212 2118 1311 deinceps
2133 1215 2320 1285 aerei
2349 1213 2616 1284 volatus

490 1326 732 1419 avium,
766 1338 984 1421 atque
1020 1336 1309 1405 cantus,
1345 1320 1608 1391 deinde
1651 1321 1976 1415 ejusdem
2010 1326 2192 1394 aeris
2231 1328 2509 1395 sonitus
2547 1338 2616 1394 et

486 1434 801 1521 ardoreS,
822 1431 1360 1527 multarumque
1387 1455 1634 1501 rerum
1671 1434 1746 1502 in
1787 1446 1974 1502 terra
2005 1448 2372 1529 portenta3
2407 1447 2618 1529 atque

494 1548 710 1615 etiam
768 1566 901 1641 per
948 1555 1113 1611 exta
1174 1542 1950 1645 inventupraesensim
2003 1564 2045 1610 a
2097 1540 2618 1614 dormientibus

490 1676 787 1751 quoque
826 1651 1051 1735 multa
1092 1648 1483 1746 significata
1514 1650 1690 1719 vivis
1710 1644 1739 1691 ⁸
1769 1675 1785 1717 z
1819 1647 2090 1744 quibus
2116 1676 2204 1722 ex
2231 1652 2407 1721 locis
2438 1650 2616 1721 sumi

491 1761 853 1832 interdum
942 1757 1183 1829 solent
1265 1757 1355 1828 ad
1394 1764 1401 1771 ’
1444 1756 1665 1828 fidem
1740 1754 2133 1849 faciendam
2218 1762 2618 1843 testimonia

493 1871 815 1959 deorum.

588 1986 673 2051 In
708 1979 1003 2051 homine
1045 1982 1327 2051 virtutis
1365 1981 1616 2076 opinio
1664 1980 1849 2052 valet
1893 1982 2316 2078 plurimum.
2361 1982 2622 2080 Opinio.

490 2107 731 2193 autem
773 2105 915 2176 est,
966 2116 1111 2159 nou
1160 2088 1378 2161 modo
1418 2112 1546 2160 eos
1591 2089 1928 2160 virtutem
1974 2090 2280 2179 habere,
2315 2094 2442 2188 qui
2485 2090 2614 2161 ha—

490 2200 753 2289 beant,
784 2199 909 2273 sed
944 2226 1067 2271 eos
1110 2204 1325 2271 etiam
1348 2254 1370 2288 ,
1408 2202 1534 2298 qui
1581 2197 1852 2271 habere
1886 2200 2284 2272 videantur.
2335 2205 2616 2298 ltaque,

489 2337 677 2412 quos
726 2312 1048 2410 ingenio,
1094 2335 1281 2408 quos
1334 2309 1618 2397 stadie,
1647 2310 1860 2407 'quos
1909 2308 2235 2408 doctrina
2292 2309 2624 2409 praeditos

489 2423 775 2517 vident,
822 2445 1283 2519 quorumque
1330 2423 1544 2502 vitam
1591 2432 2042 2491 constantem
2093 2433 2168 2490 et
2212 2417 2618 2517 probatam,

491 2549 575 2606 ut
638 2534 964 2618 CatoniS‚
1028 2517 1247 2616 Laelii,
1316 2529 1699 2626 Scipionis,
1750 2531 2203 2626 aliorumque
2265 2530 2616 2626 plurium,

487 2659 741 2716 rentur
781 2667 903 2714 eos
946 2666 1100 2712 esse
1123 2695 1141 2726 ‚
1175 2639 1423 2736 quales
1459 2663 1536 2709 se
1571 2641 1705 2735 ipsi
1753 2639 1998 2710 velint.
2039 2645 2190 2712 Nec
2227 2639 2458 2711 solum
2499 2661 2618 2708 eos

495 2765 795 2831 censent
850 2751 1026 2825 tales
1082 2773 1277 2834 esse,
1320 2749 1447 2844 qui
1488 2749 1558 2818 in
1610 2747 2014 2834 honori-bus
2057 2750 2348 2847 populi,
2404 2771 2620 2845 reque

495 2860 831 2962 publica9
888 2873 1279 2944 versantur,
1319 2856 1446 2927 sed
1486 2871 1558 2928 et
1608 2871 1963 2944 oratoreS,
2009 2873 2082 2929 et
2118 2857 2620 2957 philosophos,

498 2983 570 3041 et
596 2983 870 3066 poetas,
902 2981 971 3037 et
995 2965 1403 3039 historicos:
1437 2990 1527 3036 ex
1558 2989 1870 3061 quorum
1901 2980 1974 3037 et
2014 2967 2224 3038 dictis
2248 2981 2319 3037 et
2353 2969 2654 3066 scriptis.

498 3103 683 3175 saepe
717 3078 1101 3150 auctoritas
1129 3079 1401 3173 petitur
1426 3075 1516 3145 ad
1546 3072 1944 3145 faciendam
1973 3073 2218 3147 fidem.

592 3190 777 3258 XXI.
813 3183 988 3282 (xx.)
1031 3186 1389 3282 Expositis
1426 3181 1766 3254 omnibus
1805 3186 2359 3282 argumentandi
2413 3187 2580 3256 locis
2605 3239 2623 3268 ‚

502 3297 677 3369 illud
717 3297 1030 3393 primum
1078 3291 1624 3390 intelligendum
1665 3307 1814 3380 est,
1867 3319 2000 3365 nec
2044 3293 2260 3365 ullam
2307 3320 2458 3366 esse
2491 3293 2624 3363 dis-

500 3407 983 3504 putationem,
1016 3409 1085 3474 in
1125 3427 1345 3500 quam
1379 3425 1528 3478 non
1567 3401 1826 3499 aliquis
1857 3403 2057 3474 locus
2099 3405 2456 3482 incurrat,
2496 3427 2624 3474 nec

499 3514 651 3587 fere
672 3538 924 3585 omnes
952 3514 1148 3583 locos
1172 3510 1490 3583 incidere
1529 3513 1602 3581 in
1640 3535 1932 3582 omnem
1964 3517 2473 3608 quaestionem,
2505 3511 2620 3594 sed

504 3623 938 3724 quibusdam
993 3622 1513 3720 quaestionibus
1572 3621 1748 3700 alios
1808 3646 1958 3712 esse
2015 3624 2327 3718 aptiores
2369 3622 2622 3692 locos¹.

580 3791 628 3836 7.
672 3771 824 3835 Quasi
866 3786 1015 3836 opem
1063 3769 1227 3818 divina
1275 3771 1522 3835 qua-dam.
1608 3768 1779 3817 scribit
1807 3769 1996 3842 Tullius
2023 3769 2076 3846 in
2109 3765 2245 3815 libris
2268 3767 2330 3816 de
2353 3769 2624 3816 Divinatio-

513 3852 673 3917 Qnasae‘
696 3851 903 3899 oracula
938 3851 1033 3898 div.
1061 3868 1111 3913 q.
1140 3850 1231 3912 leg.
1264 3861 1404 3912 puto.
1437 3850 1522 3896 Dii
1609 3863 1690 3896 ne.
1720 3849 1849 3896 Gov.

501 3931 631 3978 enim
666 3947 752 3993 per
778 3946 855 3977 res
880 3939 1034 3978 mutas
1062 3941 1109 3976 et
1134 3928 1368 3976 inanimes
1398 3927 1522 3989 (cn-
1681 3927 1728 3975 8.
1757 3925 1900 3973 Vivis.
1930 3925 2044 3973 Ern.
2070 3922 2181 3996 sch..
2200 3924 2398 3972 Lallem.
2420 3923 2552 3972 visis.

499 4006 715 4066 jusmodi
758 4007 969 4056 mundus
998 4018 1100 4063 est,
1142 4017 1189 4053 et
1222 4007 1327 4066 ejus
1364 4005 1523 4053 omnis
1681 4021 1734 4069 9.
1757 4007 1921 4068 Reque
1943 4003 2159 4068 publica,
2199 4025 2223 4045 ι-
2241 4014 2385 4068 nque
2404 4001 2455 4050 in
2485 4017 2622 4066 repu-

506 4086 737 4147 ornstus)
763 4086 899 4150 loqui
926 4085 1177 4133 nobiscum
1202 4085 1442 4143 videntur,
1474 4095 1523 4131 et
1607 4083 1734 4132 blica
1749 4106 1774 4124 ι·
1794 4083 1989 4130 Victor.
2009 4081 2204 4129 Ianum.

509 4159 669 4236 futur·
690 4173 1053 4222 prmonstrtre
1074 4177 1088 4210 :
1114 4162 1522 4227 quemadmodum
1681 4163 1824 4241 1qu
1857 4176 1899 4208 1.
1924 4161 2023 4208 Sed
2043 4159 2338 4225 quibusdam
2369 4157 2630 4236 question.-
