<?xml version="1.0" encoding="UTF-8"?>
<!DOCTYPE html PUBLIC "-//W3C//DTD XHTML 1.0 Transitional//EN"
    "http://www.w3.org/TR/xhtml1/DTD/xhtml1-transitional.dtd">
<html xmlns="http://www.w3.org/1999/xhtml" xml:lang="en" lang="en">
 <head>
  <title>
</title>
<meta http-equiv="Content-Type" content="text/html;charset=utf-8" />
  <meta name='ocr-system' content='tesseract 3.04.00' />
  <meta name='ocr-capabilities' content='ocr_page ocr_carea ocr_par ocr_line ocrx_word'/>
</head>
<body>
  <div class='ocr_page' id='page_1' title='image "./mtciceronisquae07lemagoog_0357.png"; bbox 0 0 2982 4682; ppageno 0'>
   <div class='ocr_carea' id='block_1_1' title="bbox 790 327 2559 423">
    <p class='ocr_par' dir='ltr' id='par_1_1' title="bbox 790 327 2559 423">
     <span class='ocr_line' id='line_1_1' title="bbox 790 327 2559 423; baseline -0.001 -24"><span class='ocrx_word' id='word_1_1' title='bbox 790 330 915 399; x_wconf 85' lang='lat' dir='ltr'><strong>DE</strong></span> <span class='ocrx_word' id='word_1_2' title='bbox 960 330 1576 415; x_wconf 81' lang='lat' dir='ltr'><strong>INVENTIONE‚</strong></span> <span class='ocrx_word' id='word_1_3' title='bbox 1629 330 1896 399; x_wconf 85' lang='lat' dir='ltr'><strong>LIBER</strong></span> <span class='ocrx_word' id='word_1_4' title='bbox 1947 330 2018 413; x_wconf 90' lang='lat'><strong>1,</strong></span> <span class='ocrx_word' id='word_1_5' title='bbox 2071 351 2184 423; x_wconf 79' lang='lat'><strong>27.</strong></span> <span class='ocrx_word' id='word_1_6' title='bbox 2431 327 2559 399; x_wconf 64' lang='lat'><strong>331</strong></span> 
     </span>
    </p>
   </div>
   <div class='ocr_carea' id='block_1_2' title="bbox 394 449 2572 2754">
    <p class='ocr_par' dir='ltr' id='par_1_2' title="bbox 394 449 2572 2191">
     <span class='ocr_line' id='line_1_2' title="bbox 442 449 2568 551; baseline 0 -25"><span class='ocrx_word' id='word_1_7' title='bbox 442 452 743 545; x_wconf 86' lang='lat' dir='ltr'><strong>alicujus</strong></span> <span class='ocrx_word' id='word_1_8' title='bbox 768 452 873 551; x_wconf 80' lang='lat' dir='ltr'><strong>rei</strong></span> <span class='ocrx_word' id='word_1_9' title='bbox 908 450 1245 523; x_wconf 86' lang='lat' dir='ltr'><strong>idoneam</strong></span> <span class='ocrx_word' id='word_1_10' title='bbox 1282 450 1590 524; x_wconf 87' lang='lat' dir='ltr'><strong>faciendi</strong></span> <span class='ocrx_word' id='word_1_11' title='bbox 1618 466 1742 523; x_wconf 87' lang='lat' dir='ltr'><strong>aut</strong></span> <span class='ocrx_word' id='word_1_12' title='bbox 1777 476 1928 523; x_wconf 91' lang='lat' dir='ltr'><strong>non</strong></span> <span class='ocrx_word' id='word_1_13' title='bbox 1968 449 2276 523; x_wconf 85' lang='lat' dir='ltr'><strong>faciendi</strong></span> <span class='ocrx_word' id='word_1_14' title='bbox 2296 474 2568 548; x_wconf 82' lang='lat' dir='ltr'><strong>oppor-</strong></span> 
     </span>
     <span class='ocr_line' id='line_1_3' title="bbox 440 558 2568 660; baseline 0 -25"><span class='ocrx_word' id='word_1_15' title='bbox 440 565 878 635; x_wconf 83' lang='lat' dir='ltr'><strong>tunitatem².</strong></span> <span class='ocrx_word' id='word_1_16' title='bbox 914 564 1155 653; x_wconf 87' lang='lat' dir='ltr'><strong>Quare</strong></span> <span class='ocrx_word' id='word_1_17' title='bbox 1190 587 1355 635; x_wconf 89' lang='lat' dir='ltr'><strong>cum</strong></span> <span class='ocrx_word' id='word_1_18' title='bbox 1390 578 1720 660; x_wconf 90' lang='lat' dir='ltr'><strong>tempore</strong></span> <span class='ocrx_word' id='word_1_19' title='bbox 1761 560 1898 633; x_wconf 87' lang='lat' dir='ltr'><strong>hoc</strong></span> <span class='ocrx_word' id='word_1_20' title='bbox 1934 558 2197 632; x_wconf 81' lang='lat' dir='ltr'><strong>differt.</strong></span> <span class='ocrx_word' id='word_1_21' title='bbox 2226 566 2406 634; x_wconf 82' lang='lat' dir='ltr'><strong>Nam</strong></span> <span class='ocrx_word' id='word_1_22' title='bbox 2444 586 2568 659; x_wconf 85' lang='lat' dir='ltr'><strong>ge-</strong></span> 
     </span>
     <span class='ocr_line' id='line_1_4' title="bbox 440 672 2570 772; baseline 0 -29"><span class='ocrx_word' id='word_1_23' title='bbox 440 698 613 745; x_wconf 85' lang='lat' dir='ltr'>nere</span> <span class='ocrx_word' id='word_1_24' title='bbox 647 672 942 770; x_wconf 88' lang='lat' dir='ltr'><strong>quidem</strong></span> <span class='ocrx_word' id='word_1_25' title='bbox 970 690 1365 772; x_wconf 84' lang='lat' dir='ltr'><strong>utrumque</strong></span> <span class='ocrx_word' id='word_1_26' title='bbox 1401 673 1596 745; x_wconf 88' lang='lat' dir='ltr'><strong>idem</strong></span> <span class='ocrx_word' id='word_1_27' title='bbox 1627 698 1782 745; x_wconf 85' lang='lat' dir='ltr'><strong>esse</strong></span> <span class='ocrx_word' id='word_1_28' title='bbox 1811 672 2236 769; x_wconf 82' lang='lat' dir='ltr'><strong>intelligitur</strong></span> <span class='ocrx_word' id='word_1_29' title='bbox 2265 700 2280 743; x_wconf 73' lang='grc' dir='ltr'><em>τ</em></span> <span class='ocrx_word' id='word_1_30' title='bbox 2319 696 2570 753; x_wconf 84' lang='lat' dir='ltr'><strong>verum</strong></span> 
     </span>
     <span class='ocr_line' id='line_1_5' title="bbox 440 781 2571 883; baseline -0.001 -29"><span class='ocrx_word' id='word_1_31' title='bbox 440 785 515 853; x_wconf 87' lang='lat' dir='ltr'><strong>in</strong></span> <span class='ocrx_word' id='word_1_32' title='bbox 544 798 871 882; x_wconf 87' lang='lat' dir='ltr'><strong>tempore</strong></span> <span class='ocrx_word' id='word_1_33' title='bbox 898 784 1207 883; x_wconf 87' lang='lat' dir='ltr'><strong>spatium</strong></span> <span class='ocrx_word' id='word_1_34' title='bbox 1224 782 1776 882; x_wconf 77' lang='lat' dir='ltr'><strong>&#39;quodammodo</strong></span> <span class='ocrx_word' id='word_1_35' title='bbox 1809 781 2238 870; x_wconf 84' lang='lat' dir='ltr'><strong>declaratur,</strong></span> <span class='ocrx_word' id='word_1_36' title='bbox 2273 781 2474 878; x_wconf 91' lang='lat' dir='ltr'><strong>quod</strong></span> <span class='ocrx_word' id='word_1_37' title='bbox 2495 784 2571 852; x_wconf 92' lang='lat' dir='ltr'><strong>in</strong></span> 
     </span>
     <span class='ocr_line' id='line_1_6' title="bbox 440 893 2570 991; baseline 0.001 -31"><span class='ocrx_word' id='word_1_38' title='bbox 440 894 677 978; x_wconf 78' lang='lat' dir='ltr'><strong>anniS,</strong></span> <span class='ocrx_word' id='word_1_39' title='bbox 708 898 925 965; x_wconf 88' lang='lat' dir='ltr'><strong>autin</strong></span> <span class='ocrx_word' id='word_1_40' title='bbox 948 918 1143 964; x_wconf 91' lang='lat' dir='ltr'><strong>anno</strong></span> <span class='ocrx_word' id='word_1_41' title='bbox 1161 947 1180 982; x_wconf 92' lang='lat'>,</span> <span class='ocrx_word' id='word_1_42' title='bbox 1200 897 1429 965; x_wconf 89' lang='lat' dir='ltr'><strong>autin</strong></span> <span class='ocrx_word' id='word_1_43' title='bbox 1453 893 1696 991; x_wconf 87' lang='lat' dir='ltr'><strong>aliqua</strong></span> <span class='ocrx_word' id='word_1_44' title='bbox 1727 894 1898 965; x_wconf 90' lang='lat' dir='ltr'><strong>anni</strong></span> <span class='ocrx_word' id='word_1_45' title='bbox 1935 906 2138 991; x_wconf 86' lang='lat' dir='ltr'><strong>parte</strong></span> <span class='ocrx_word' id='word_1_46' title='bbox 2165 904 2570 990; x_wconf 70' lang='lat' dir='ltr'><strong>spectatur-3</strong></span> 
     </span>
     <span class='ocr_line' id='line_1_7' title="bbox 438 1002 2564 1103; baseline -0.001 -30"><span class='ocrx_word' id='word_1_47' title='bbox 438 1002 515 1073; x_wconf 91' lang='lat' dir='ltr'><strong>in</strong></span> <span class='ocrx_word' id='word_1_48' title='bbox 550 1008 959 1095; x_wconf 80' lang='lat' dir='ltr'><strong>occasione,</strong></span> <span class='ocrx_word' id='word_1_49' title='bbox 994 1004 1083 1077; x_wconf 85' lang='lat' dir='ltr'><strong>ad</strong></span> <span class='ocrx_word' id='word_1_50' title='bbox 1126 1006 1435 1103; x_wconf 79' lang='lat' dir='ltr'><strong>spatium</strong></span> <span class='ocrx_word' id='word_1_51' title='bbox 1468 1007 1816 1103; x_wconf 85' lang='lat' dir='ltr'><strong>temporis</strong></span> <span class='ocrx_word' id='word_1_52' title='bbox 1835 1059 1854 1091; x_wconf 86' lang='lat'><strong>‚</strong></span> <span class='ocrx_word' id='word_1_53' title='bbox 1887 1002 2200 1075; x_wconf 87' lang='lat' dir='ltr'><strong>faciendi</strong></span> <span class='ocrx_word' id='word_1_54' title='bbox 2235 1002 2564 1099; x_wconf 81' lang='lat' dir='ltr'><strong>quaedam</strong></span> 
     </span>
     <span class='ocr_line' id='line_1_8' title="bbox 440 1114 2569 1212; baseline 0 -31"><span class='ocrx_word' id='word_1_55' title='bbox 440 1116 943 1209; x_wconf 81' lang='lat' dir='ltr'><strong>opportunitas</strong></span> <span class='ocrx_word' id='word_1_56' title='bbox 970 1115 1389 1212; x_wconf 78' lang='lat' dir='ltr'><strong>intelligitur</strong></span> <span class='ocrx_word' id='word_1_57' title='bbox 1406 1114 1764 1211; x_wconf 86' lang='lat' dir='ltr'><strong>adjuncta.</strong></span> <span class='ocrx_word' id='word_1_58' title='bbox 1793 1116 2036 1205; x_wconf 85' lang='lat' dir='ltr'><strong>Quare</strong></span> <span class='ocrx_word' id='word_1_59' title='bbox 2055 1136 2286 1211; x_wconf 85' lang='lat' dir='ltr'><strong>quum</strong></span> <span class='ocrx_word' id='word_1_60' title='bbox 2301 1134 2569 1209; x_wconf 82' lang='lat' dir='ltr'><strong>genere</strong></span> 
     </span>
     <span class='ocr_line' id='line_1_9' title="bbox 394 1220 2572 1323; baseline -0.002 -28"><span class='ocrx_word' id='word_1_61' title='bbox 394 1283 401 1295; x_wconf 96' lang='lat'><strong><em>.</em></strong></span> <span class='ocrx_word' id='word_1_62' title='bbox 442 1220 632 1293; x_wconf 88' lang='lat' dir='ltr'><strong>idem</strong></span> <span class='ocrx_word' id='word_1_63' title='bbox 660 1228 755 1298; x_wconf 85' lang='lat' dir='ltr'><strong>sit</strong></span> <span class='ocrx_word' id='word_1_64' title='bbox 769 1221 823 1311; x_wconf 81' lang='lat'><strong>³,</strong></span> <span class='ocrx_word' id='word_1_65' title='bbox 852 1223 936 1297; x_wconf 84' lang='lat' dir='ltr'><strong>fit</strong></span> <span class='ocrx_word' id='word_1_66' title='bbox 967 1224 1195 1314; x_wconf 86' lang='lat' dir='ltr'><strong>aliud,</strong></span> <span class='ocrx_word' id='word_1_67' title='bbox 1226 1226 1425 1323; x_wconf 90' lang='lat' dir='ltr'><strong>quod</strong></span> <span class='ocrx_word' id='word_1_68' title='bbox 1456 1240 1657 1321; x_wconf 86' lang='lat' dir='ltr'><strong>parte</strong></span> <span class='ocrx_word' id='word_1_69' title='bbox 1685 1222 2000 1321; x_wconf 80' lang='lat' dir='ltr'><strong>quadani</strong></span> <span class='ocrx_word' id='word_1_70' title='bbox 2023 1276 2042 1313; x_wconf 91' lang='lat'>,</span> <span class='ocrx_word' id='word_1_71' title='bbox 2069 1238 2142 1293; x_wconf 88' lang='lat' dir='ltr'><strong>et</strong></span> <span class='ocrx_word' id='word_1_72' title='bbox 2177 1222 2450 1320; x_wconf 88' lang='lat' dir='ltr'><strong>specie,</strong></span> <span class='ocrx_word' id='word_1_73' title='bbox 2487 1235 2572 1290; x_wconf 87' lang='lat' dir='ltr'><strong>ut</strong></span> 
     </span>
     <span class='ocr_line' id='line_1_10' title="bbox 437 1330 2568 1429; baseline 0.001 -28"><span class='ocrx_word' id='word_1_74' title='bbox 437 1330 745 1403; x_wconf 84' lang='lat' dir='ltr'><strong>diximus</strong></span> <span class='ocrx_word' id='word_1_75' title='bbox 766 1388 785 1421; x_wconf 91' lang='lat'>‚</span> <span class='ocrx_word' id='word_1_76' title='bbox 824 1332 1126 1409; x_wconf 82' lang='lat' dir='ltr'><strong>differat.</strong></span> <span class='ocrx_word' id='word_1_77' title='bbox 1182 1340 1393 1407; x_wconf 74' lang='lat' dir='ltr'><strong>Haec⁴</strong></span> <span class='ocrx_word' id='word_1_78' title='bbox 1449 1334 1908 1409; x_wconf 86' lang='lat' dir='ltr'><strong>distribuitur</strong></span> <span class='ocrx_word' id='word_1_79' title='bbox 1953 1339 2029 1408; x_wconf 87' lang='lat' dir='ltr'><strong>in</strong></span> <span class='ocrx_word' id='word_1_80' title='bbox 2079 1335 2213 1411; x_wconf 80' lang='lat' dir='ltr'><strong>tria</strong></span> <span class='ocrx_word' id='word_1_81' title='bbox 2265 1356 2526 1429; x_wconf 83' lang='lat' dir='ltr'><strong>genera</strong></span> <span class='ocrx_word' id='word_1_82' title='bbox 2547 1383 2568 1418; x_wconf 90' lang='lat'>‚</span> 
     </span>
     <span class='ocr_line' id='line_1_11' title="bbox 438 1438 2570 1543; baseline -0.001 -26"><span class='ocrx_word' id='word_1_83' title='bbox 438 1438 847 1536; x_wconf 86' lang='lat' dir='ltr'><strong>publicum,</strong></span> <span class='ocrx_word' id='word_1_84' title='bbox 888 1468 1315 1533; x_wconf 83' lang='lat' dir='ltr'><strong>commune,</strong></span> <span class='ocrx_word' id='word_1_85' title='bbox 1346 1446 1726 1543; x_wconf 82' lang='lat' dir='ltr'><strong>singulare.</strong></span> <span class='ocrx_word' id='word_1_86' title='bbox 1769 1444 2150 1518; x_wconf 86' lang='lat' dir='ltr'><strong>Publicum</strong></span> <span class='ocrx_word' id='word_1_87' title='bbox 2181 1457 2322 1530; x_wconf 88' lang='lat' dir='ltr'><strong>est,</strong></span> <span class='ocrx_word' id='word_1_88' title='bbox 2369 1440 2570 1539; x_wconf 86' lang='lat' dir='ltr'><strong>quod</strong></span> 
     </span>
     <span class='ocr_line' id='line_1_12' title="bbox 438 1550 2564 1653; baseline 0 -35"><span class='ocrx_word' id='word_1_89' title='bbox 438 1550 682 1623; x_wconf 81' lang='lat' dir='ltr'><strong>civitas</strong></span> <span class='ocrx_word' id='word_1_90' title='bbox 726 1556 1056 1627; x_wconf 84' lang='lat' dir='ltr'><strong>universa</strong></span> <span class='ocrx_word' id='word_1_91' title='bbox 1090 1556 1327 1653; x_wconf 89' lang='lat' dir='ltr'><strong>aliqua</strong></span> <span class='ocrx_word' id='word_1_92' title='bbox 1367 1555 1457 1627; x_wconf 91' lang='lat' dir='ltr'><strong>de</strong></span> <span class='ocrx_word' id='word_1_93' title='bbox 1497 1580 1708 1629; x_wconf 89' lang='lat' dir='ltr'><strong>causa</strong></span> <span class='ocrx_word' id='word_1_94' title='bbox 1745 1552 2159 1653; x_wconf 82' lang='lat' dir='ltr'><strong>frequentat</strong></span> <span class='ocrx_word' id='word_1_95' title='bbox 2184 1608 2203 1641; x_wconf 90' lang='lat'>‚</span> <span class='ocrx_word' id='word_1_96' title='bbox 2245 1567 2330 1621; x_wconf 90' lang='lat' dir='ltr'><strong>ut</strong></span> <span class='ocrx_word' id='word_1_97' title='bbox 2373 1550 2564 1637; x_wconf 83' lang='lat' dir='ltr'><strong>ludi,</strong></span> 
     </span>
     <span class='ocr_line' id='line_1_13' title="bbox 437 1655 2572 1762; baseline 0.004 -34"><span class='ocrx_word' id='word_1_98' title='bbox 437 1655 589 1731; x_wconf 90' lang='lat' dir='ltr'><strong>dies</strong></span> <span class='ocrx_word' id='word_1_99' title='bbox 620 1658 884 1748; x_wconf 65' lang='grc' dir='ltr'><strong>ἰθείας,</strong></span> <span class='ocrx_word' id='word_1_100' title='bbox 916 1661 1211 1735; x_wconf 86' lang='lat' dir='ltr'><strong>bellurn.</strong></span> <span class='ocrx_word' id='word_1_101' title='bbox 1246 1670 1682 1752; x_wconf 87' lang='lat' dir='ltr'><strong>Commune,</strong></span> <span class='ocrx_word' id='word_1_102' title='bbox 1710 1664 1910 1762; x_wconf 90' lang='lat' dir='ltr'><strong>quod</strong></span> <span class='ocrx_word' id='word_1_103' title='bbox 1941 1662 2195 1736; x_wconf 89' lang='lat' dir='ltr'><strong>accidit</strong></span> <span class='ocrx_word' id='word_1_104' title='bbox 2231 1660 2572 1737; x_wconf 80' lang='lat' dir='ltr'><strong>omnibus</strong></span> 
     </span>
     <span class='ocr_line' id='line_1_14' title="bbox 440 1768 2566 1873; baseline 0.001 -34"><span class='ocrx_word' id='word_1_105' title='bbox 440 1768 695 1841; x_wconf 90' lang='lat' dir='ltr'><strong>eodem</strong></span> <span class='ocrx_word' id='word_1_106' title='bbox 734 1768 881 1844; x_wconf 86' lang='lat' dir='ltr'><strong>fere</strong></span> <span class='ocrx_word' id='word_1_107' title='bbox 910 1788 1273 1873; x_wconf 86' lang='lat' dir='ltr'><strong>ternpore,</strong></span> <span class='ocrx_word' id='word_1_108' title='bbox 1312 1791 1392 1847; x_wconf 91' lang='lat' dir='ltr'><strong>ut</strong></span> <span class='ocrx_word' id='word_1_109' title='bbox 1426 1778 1710 1861; x_wconf 75' lang='lat' dir='ltr'><strong>messiS‚</strong></span> <span class='ocrx_word' id='word_1_110' title='bbox 1741 1774 2142 1861; x_wconf 83' lang='lat' dir='ltr'><strong>vindemia,</strong></span> <span class='ocrx_word' id='word_1_111' title='bbox 2179 1774 2412 1861; x_wconf 82' lang='lat' dir='ltr'><strong>calor,</strong></span> <span class='ocrx_word' id='word_1_112' title='bbox 2443 1770 2566 1845; x_wconf 80' lang='lat' dir='ltr'><strong>fri-</strong></span> 
     </span>
     <span class='ocr_line' id='line_1_15' title="bbox 434 1882 2570 1983; baseline 0.001 -33"><span class='ocrx_word' id='word_1_113' title='bbox 434 1902 588 1975; x_wconf 79' lang='lat' dir='ltr'><strong>gus.</strong></span> <span class='ocrx_word' id='word_1_114' title='bbox 636 1883 1009 1978; x_wconf 85' lang='lat' dir='ltr'><strong>Singulare</strong></span> <span class='ocrx_word' id='word_1_115' title='bbox 1050 1900 1297 1957; x_wconf 88' lang='lat' dir='ltr'><strong>autem</strong></span> <span class='ocrx_word' id='word_1_116' title='bbox 1334 1901 1475 1971; x_wconf 79' lang='lat' dir='ltr'><strong>est,</strong></span> <span class='ocrx_word' id='word_1_117' title='bbox 1526 1885 1727 1983; x_wconf 90' lang='lat' dir='ltr'><strong>quod</strong></span> <span class='ocrx_word' id='word_1_118' title='bbox 1765 1886 2004 1981; x_wconf 88' lang='lat' dir='ltr'><strong>aliqua</strong></span> <span class='ocrx_word' id='word_1_119' title='bbox 2047 1882 2138 1958; x_wconf 90' lang='lat' dir='ltr'><strong>de</strong></span> <span class='ocrx_word' id='word_1_120' title='bbox 2177 1896 2390 1955; x_wconf 85' lang='lat' dir='ltr'><strong>c&#39;ausa</strong></span> <span class='ocrx_word' id='word_1_121' title='bbox 2426 1882 2570 1980; x_wconf 89' lang='lat' dir='ltr'><strong>pri-</strong></span> 
     </span>
     <span class='ocr_line' id='line_1_16' title="bbox 436 1992 2569 2093; baseline 0.003 -35"><span class='ocrx_word' id='word_1_122' title='bbox 436 1992 655 2063; x_wconf 86' lang='lat' dir='ltr'><strong>vatim</strong></span> <span class='ocrx_word' id='word_1_123' title='bbox 690 1994 875 2065; x_wconf 90' lang='lat' dir='ltr'><strong>solet</strong></span> <span class='ocrx_word' id='word_1_124' title='bbox 926 1994 1136 2068; x_wconf 84' lang='lat' dir='ltr'><strong>alicui</strong></span> <span class='ocrx_word' id='word_1_125' title='bbox 1180 1996 1544 2084; x_wconf 86' lang='lat' dir='ltr'><strong>accidere,</strong></span> <span class='ocrx_word' id='word_1_126' title='bbox 1603 2011 1686 2067; x_wconf 90' lang='lat' dir='ltr'><strong>ut</strong></span> <span class='ocrx_word' id='word_1_127' title='bbox 1741 1997 2008 2093; x_wconf 80' lang='lat' dir='ltr'><strong>nuptiae</strong></span> <span class='ocrx_word' id='word_1_128' title='bbox 2030 2050 2050 2081; x_wconf 88' lang='lat'>‚</span> <span class='ocrx_word' id='word_1_129' title='bbox 2103 1992 2528 2070; x_wconf 84' lang='lat' dir='ltr'><strong>sacrificium</strong></span> <span class='ocrx_word' id='word_1_130' title='bbox 2549 2046 2569 2077; x_wconf 86' lang='lat'>‚</span> 
     </span>
     <span class='ocr_line' id='line_1_17' title="bbox 434 2094 1554 2191; baseline 0.004 -22"><span class='ocrx_word' id='word_1_131' title='bbox 434 2094 653 2172; x_wconf 83' lang='lat' dir='ltr'><strong>funus</strong></span> <span class='ocrx_word' id='word_1_132' title='bbox 673 2155 693 2187; x_wconf 91' lang='lat'>‚</span> <span class='ocrx_word' id='word_1_133' title='bbox 738 2105 1187 2191; x_wconf 84' lang='lat' dir='ltr'><strong>convivium,</strong></span> <span class='ocrx_word' id='word_1_134' title='bbox 1230 2130 1554 2177; x_wconf 83' lang='lat' dir='ltr'><strong>somnus.</strong></span> 
     </span>
    </p>

    <p class='ocr_par' dir='ltr' id='par_1_3' title="bbox 432 2209 2566 2754">
     <span class='ocr_line' id='line_1_18' title="bbox 528 2209 2564 2311; baseline 0 -32"><span class='ocrx_word' id='word_1_135' title='bbox 528 2209 789 2281; x_wconf 91' lang='lat' dir='ltr'><strong>Modus</strong></span> <span class='ocrx_word' id='word_1_136' title='bbox 827 2227 969 2298; x_wconf 90' lang='lat' dir='ltr'><strong>est,</strong></span> <span class='ocrx_word' id='word_1_137' title='bbox 1006 2214 1078 2283; x_wconf 90' lang='lat' dir='ltr'><strong>in</strong></span> <span class='ocrx_word' id='word_1_138' title='bbox 1109 2238 1301 2310; x_wconf 89' lang='lat' dir='ltr'><strong>quo,</strong></span> <span class='ocrx_word' id='word_1_139' title='bbox 1328 2214 1988 2311; x_wconf 81' lang='lat' dir='ltr'><strong>quemadmodum,</strong></span> <span class='ocrx_word' id='word_1_140' title='bbox 2029 2227 2101 2283; x_wconf 90' lang='lat' dir='ltr'><strong>et</strong></span> <span class='ocrx_word' id='word_1_141' title='bbox 2135 2238 2286 2309; x_wconf 90' lang='lat' dir='ltr'><strong>quo</strong></span> <span class='ocrx_word' id='word_1_142' title='bbox 2323 2216 2564 2281; x_wconf 89' lang='lat' dir='ltr'><strong>animo</strong></span> 
     </span>
     <span class='ocr_line' id='line_1_19' title="bbox 436 2315 2565 2424; baseline 0.002 -36"><span class='ocrx_word' id='word_1_143' title='bbox 436 2315 703 2390; x_wconf 87' lang='lat' dir='ltr'><strong>factum</strong></span> <span class='ocrx_word' id='word_1_144' title='bbox 742 2322 866 2408; x_wconf 86' lang='lat' dir='ltr'><strong>sit,</strong></span> <span class='ocrx_word' id='word_1_145' title='bbox 910 2325 1289 2422; x_wconf 85' lang='lat' dir='ltr'><strong>quaeritur..</strong></span> <span class='ocrx_word' id='word_1_146' title='bbox 1316 2326 1500 2424; x_wconf 88' lang='lat' dir='ltr'><strong>Ejus.</strong></span> <span class='ocrx_word' id='word_1_147' title='bbox 1540 2340 1780 2422; x_wconf 87' lang='lat' dir='ltr'><strong>partes</strong></span> <span class='ocrx_word' id='word_1_148' title='bbox 1825 2338 2026 2410; x_wconf 88' lang='lat' dir='ltr'><strong>sunt,</strong></span> <span class='ocrx_word' id='word_1_149' title='bbox 2063 2321 2448 2422; x_wconf 87' lang='lat' dir='ltr'><strong>prudentia</strong></span> <span class='ocrx_word' id='word_1_150' title='bbox 2493 2337 2565 2393; x_wconf 92' lang='lat' dir='ltr'><strong>et</strong></span> 
     </span>
     <span class='ocr_line' id='line_1_20' title="bbox 433 2423 2564 2532; baseline 0.001 -32"><span class='ocrx_word' id='word_1_151' title='bbox 433 2423 938 2528; x_wconf 83' lang='lat' dir='ltr'><strong>imprudentia.</strong></span> <span class='ocrx_word' id='word_1_152' title='bbox 1000 2435 1404 2510; x_wconf 81' lang='lat' dir='ltr'><strong>Prudentiae</strong></span> <span class='ocrx_word' id='word_1_153' title='bbox 1450 2433 1673 2508; x_wconf 86' lang='lat' dir='ltr'><strong>ratio⁵</strong></span> <span class='ocrx_word' id='word_1_154' title='bbox 1723 2436 2074 2532; x_wconf 79' lang='lat' dir='ltr'><strong>quaeritur</strong></span> <span class='ocrx_word' id='word_1_155' title='bbox 2113 2458 2200 2508; x_wconf 80' lang='lat' dir='ltr'><strong>ex</strong></span> <span class='ocrx_word' id='word_1_156' title='bbox 2240 2435 2364 2520; x_wconf 86' lang='lat' dir='ltr'><strong>iis,</strong></span> <span class='ocrx_word' id='word_1_157' title='bbox 2403 2457 2564 2530; x_wconf 85' lang='lat' dir='ltr'><strong>quae</strong></span> 
     </span>
     <span class='ocr_line' id='line_1_21' title="bbox 432 2540 2562 2644; baseline 0 -32"><span class='ocrx_word' id='word_1_158' title='bbox 432 2540 615 2612; x_wconf 88' lang='lat' dir='ltr'><strong>clam</strong></span> <span class='ocrx_word' id='word_1_159' title='bbox 640 2595 659 2628; x_wconf 91' lang='lat'>‚</span> <span class='ocrx_word' id='word_1_160' title='bbox 714 2544 944 2641; x_wconf 83' lang='lat' dir='ltr'><strong>palam</strong></span> <span class='ocrx_word' id='word_1_161' title='bbox 968 2599 987 2628; x_wconf 89' lang='lat'><strong>‚</strong></span> <span class='ocrx_word' id='word_1_162' title='bbox 1042 2549 1145 2633; x_wconf 84' lang='lat' dir='ltr'><strong>vi,</strong></span> <span class='ocrx_word' id='word_1_163' title='bbox 1215 2547 1685 2644; x_wconf 86' lang='lat' dir='ltr'><strong>persuasione</strong></span> <span class='ocrx_word' id='word_1_164' title='bbox 1731 2544 2020 2626; x_wconf 84' lang='lat' dir='ltr'><strong>fecerit;</strong></span> <span class='ocrx_word' id='word_1_165' title='bbox 2073 2542 2562 2640; x_wconf 85' lang='lat' dir='ltr'><strong>imprudentia</strong></span> 
     </span>
     <span class='ocr_line' id='line_1_22' title="bbox 432 2653 2566 2754; baseline 0.002 -34"><span class='ocrx_word' id='word_1_166' title='bbox 432 2666 675 2722; x_wconf 87' lang='lat' dir='ltr'><strong>autern</strong></span> <span class='ocrx_word' id='word_1_167' title='bbox 720 2654 794 2722; x_wconf 92' lang='lat' dir='ltr'><strong>in</strong></span> <span class='ocrx_word' id='word_1_168' title='bbox 848 2657 1349 2754; x_wconf 87' lang='lat' dir='ltr'><strong>purgationem</strong></span> <span class='ocrx_word' id='word_1_169' title='bbox 1399 2655 1770 2730; x_wconf 88' lang='lat' dir='ltr'><strong>confertur</strong></span> <span class='ocrx_word' id='word_1_170' title='bbox 1787 2653 1844 2744; x_wconf 81' lang='lat'><strong>⁶,</strong></span> <span class='ocrx_word' id='word_1_171' title='bbox 1880 2655 2086 2754; x_wconf 87' lang='lat' dir='ltr'><strong>cujus</strong></span> <span class='ocrx_word' id='word_1_172' title='bbox 2123 2667 2361 2754; x_wconf 89' lang='lat' dir='ltr'><strong>partes</strong></span> <span class='ocrx_word' id='word_1_173' title='bbox 2397 2669 2566 2724; x_wconf 90' lang='lat' dir='ltr'><strong>sunt</strong></span> 
     </span>
    </p>
   </div>
   <div class='ocr_carea' id='block_1_3' title="bbox 424 2781 1457 4125">
    <p class='ocr_par' dir='ltr' id='par_1_4' title="bbox 428 2781 1453 3320">
     <span class='ocr_line' id='line_1_23' title="bbox 504 2781 1453 2851; baseline 0.011 -22"><span class='ocrx_word' id='word_1_174' title='bbox 504 2797 555 2832; x_wconf 81' lang='lat' dir='ltr'><strong>u.</strong></span> <span class='ocrx_word' id='word_1_175' title='bbox 587 2781 809 2848; x_wconf 69' lang='lat' dir='ltr'><strong>Alit-ujus</strong></span> <span class='ocrx_word' id='word_1_176' title='bbox 852 2784 927 2832; x_wconf 77' lang='lat' dir='ltr'><strong>rei</strong></span> <span class='ocrx_word' id='word_1_177' title='bbox 966 2785 1195 2836; x_wconf 75' lang='lat' dir='ltr'><strong>idoneam</strong></span> <span class='ocrx_word' id='word_1_178' title='bbox 1215 2785 1453 2851; x_wconf 72' lang='lat' dir='ltr'><strong>faciendi</strong></span> 
     </span>
     <span class='ocr_line' id='line_1_24' title="bbox 432 2861 1451 2928; baseline 0.006 -18"><span class='ocrx_word' id='word_1_179' title='bbox 432 2871 527 2910; x_wconf 76' lang='lat' dir='ltr'><strong>aut</strong></span> <span class='ocrx_word' id='word_1_180' title='bbox 546 2861 887 2927; x_wconf 65' lang='lat' dir='ltr'><strong>&#39;conficiendi</strong></span> <span class='ocrx_word' id='word_1_181' title='bbox 902 2866 1325 2928; x_wconf 69' lang='lat' dir='ltr'><strong>appot-unientem.</strong></span> <span class='ocrx_word' id='word_1_182' title='bbox 1345 2867 1451 2917; x_wconf 78' lang='lat' dir='ltr'><strong>No-</strong></span> 
     </span>
     <span class='ocr_line' id='line_1_25' title="bbox 432 2941 1449 3010; baseline 0.004 -18"><span class='ocrx_word' id='word_1_183' title='bbox 432 2941 579 2992; x_wconf 71' lang='lat' dir='ltr'><strong>und·</strong></span> <span class='ocrx_word' id='word_1_184' title='bbox 605 2957 707 2992; x_wconf 80' lang='lat' dir='ltr'><strong>vox</strong></span> <span class='ocrx_word' id='word_1_185' title='bbox 732 2944 1070 3006; x_wconf 73' lang='lat' dir='ltr'><strong>opportunitas</strong></span> <span class='ocrx_word' id='word_1_186' title='bbox 1097 2947 1343 3010; x_wconf 69' lang='lat' dir='ltr'><strong>duplicem</strong></span> <span class='ocrx_word' id='word_1_187' title='bbox 1369 2963 1449 3010; x_wconf 74' lang='lat' dir='ltr'><strong>ge-</strong></span> 
     </span>
     <span class='ocr_line' id='line_1_26' title="bbox 430 3020 1450 3090; baseline 0.007 -22"><span class='ocrx_word' id='word_1_188' title='bbox 430 3020 642 3070; x_wconf 78' lang='lat' dir='ltr'><strong>uitivum</strong></span> <span class='ocrx_word' id='word_1_189' title='bbox 660 3022 881 3082; x_wconf 77' lang='lat' dir='ltr'><strong>trahens,</strong></span> <span class='ocrx_word' id='word_1_190' title='bbox 901 3034 957 3072; x_wconf 89' lang='lat' dir='ltr'><strong>ut</strong></span> <span class='ocrx_word' id='word_1_191' title='bbox 980 3025 1047 3074; x_wconf 87' lang='lat' dir='ltr'><strong>sit</strong></span> <span class='ocrx_word' id='word_1_192' title='bbox 1060 3047 1086 3067; x_wconf 74' lang='grc' dir='ltr'>ι</span> <span class='ocrx_word' id='word_1_193' title='bbox 1102 3027 1450 3090; x_wconf 68' lang='lat' dir='ltr'><strong>opportunitas</strong></span> 
     </span>
     <span class='ocr_line' id='line_1_27' title="bbox 430 3098 1449 3170; baseline 0.009 -24"><span class='ocrx_word' id='word_1_194' title='bbox 430 3098 635 3160; x_wconf 67' lang='lat' dir='ltr'><strong>alicujus</strong></span> <span class='ocrx_word' id='word_1_195' title='bbox 679 3100 749 3150; x_wconf 84' lang='lat' dir='ltr'><strong>rei</strong></span> <span class='ocrx_word' id='word_1_196' title='bbox 780 3123 807 3148; x_wconf 72' lang='lat' dir='ltr'><strong>a·</strong></span> <span class='ocrx_word' id='word_1_197' title='bbox 824 3135 841 3160; x_wconf 83' lang='lat'>‚</span> <span class='ocrx_word' id='word_1_198' title='bbox 890 3103 1037 3161; x_wconf 76' lang='lat' dir='ltr'><strong>simul</strong></span> <span class='ocrx_word' id='word_1_199' title='bbox 1078 3116 1129 3156; x_wconf 79' lang='lat' dir='ltr'><strong>et</strong></span> <span class='ocrx_word' id='word_1_200' title='bbox 1171 3129 1195 3150; x_wconf 71' lang='lat' dir='ltr'><strong>u</strong></span> <span class='ocrx_word' id='word_1_201' title='bbox 1210 3116 1449 3170; x_wconf 82' lang='lat' dir='ltr'><strong>opportu-</strong></span> 
     </span>
     <span class='ocr_line' id='line_1_28' title="bbox 432 3179 1451 3236; baseline 0.011 -10"><span class='ocrx_word' id='word_1_202' title='bbox 432 3179 559 3226; x_wconf 82' lang='lat' dir='ltr'><strong>nitas</strong></span> <span class='ocrx_word' id='word_1_203' title='bbox 576 3181 783 3231; x_wconf 69' lang='lat' dir='ltr'><strong>faciendi</strong></span> <span class='ocrx_word' id='word_1_204' title='bbox 798 3203 841 3230; x_wconf 68' lang='lat' dir='ltr'><strong>n.</strong></span> <span class='ocrx_word' id='word_1_205' title='bbox 871 3183 979 3234; x_wconf 82' lang='lat' dir='ltr'><strong>Nisi</strong></span> <span class='ocrx_word' id='word_1_206' title='bbox 1000 3184 1166 3235; x_wconf 74' lang='lat' dir='ltr'><strong>molis:</strong></span> <span class='ocrx_word' id='word_1_207' title='bbox 1185 3185 1451 3236; x_wconf 77' lang='lat' dir='ltr'><strong>-idoneam</strong></span> 
     </span>
     <span class='ocr_line' id='line_1_29' title="bbox 428 3257 778 3320; baseline 0.02 -16"><span class='ocrx_word' id='word_1_208' title='bbox 428 3257 636 3320; x_wconf 74' lang='lat' dir='ltr'><strong>alicujus</strong></span> <span class='ocrx_word' id='word_1_209' title='bbox 658 3261 727 3310; x_wconf 85' lang='lat' dir='ltr'><strong>rei</strong></span> <span class='ocrx_word' id='word_1_210' title='bbox 736 3283 778 3311; x_wconf 62' lang='lat' dir='ltr'><strong>a.</strong></span> 
     </span>
    </p>

    <p class='ocr_par' dir='ltr' id='par_1_5' title="bbox 424 3339 1457 4125">
     <span class='ocr_line' id='line_1_30' title="bbox 503 3339 1449 3408; baseline 0.006 -22"><span class='ocrx_word' id='word_1_211' title='bbox 503 3339 552 3388; x_wconf 77' lang='lat'><strong>3.</strong></span> <span class='ocrx_word' id='word_1_212' title='bbox 574 3342 739 3404; x_wconf 74' lang='lat' dir='ltr'><strong>Quare</strong></span> <span class='ocrx_word' id='word_1_213' title='bbox 756 3359 905 3406; x_wconf 67' lang='lat' dir='ltr'><strong>quun</strong></span> <span class='ocrx_word' id='word_1_214' title='bbox 915 3359 1097 3408; x_wconf 64' lang='lat' dir='ltr'><strong>geum</strong></span> <span class='ocrx_word' id='word_1_215' title='bbox 1116 3343 1241 3394; x_wconf 79' lang='lat' dir='ltr'><strong>idem</strong></span> <span class='ocrx_word' id='word_1_216' title='bbox 1258 3345 1339 3405; x_wconf 77' lang='lat' dir='ltr'><strong>sit,</strong></span> <span class='ocrx_word' id='word_1_217' title='bbox 1354 3356 1449 3392; x_wconf 84' lang='lat' dir='ltr'><strong>etc.</strong></span> 
     </span>
     <span class='ocr_line' id='line_1_31' title="bbox 430 3419 1449 3486; baseline 0.008 -21"><span class='ocrx_word' id='word_1_218' title='bbox 430 3419 597 3479; x_wconf 85' lang='lat' dir='ltr'><strong>Quum</strong></span> <span class='ocrx_word' id='word_1_219' title='bbox 645 3430 903 3484; x_wconf 78' lang='lat' dir='ltr'><strong>utrumque</strong></span> <span class='ocrx_word' id='word_1_220' title='bbox 948 3439 1122 3486; x_wconf 84' lang='lat' dir='ltr'><strong>genere</strong></span> <span class='ocrx_word' id='word_1_221' title='bbox 1168 3422 1301 3472; x_wconf 80' lang='lat' dir='ltr'><strong>idem</strong></span> <span class='ocrx_word' id='word_1_222' title='bbox 1350 3423 1415 3472; x_wconf 73' lang='lat' dir='ltr'><strong>sit</strong></span> <span class='ocrx_word' id='word_1_223' title='bbox 1432 3457 1449 3481; x_wconf 80' lang='lat'>,</span> 
     </span>
     <span class='ocr_line' id='line_1_32' title="bbox 428 3499 1450 3565; baseline 0 -17"><span class='ocrx_word' id='word_1_224' title='bbox 428 3513 607 3562; x_wconf 75' lang='lat' dir='ltr'><strong>nempe</strong></span> <span class='ocrx_word' id='word_1_225' title='bbox 639 3511 697 3548; x_wconf 81' lang='lat' dir='ltr'><strong>ut</strong></span> <span class='ocrx_word' id='word_1_226' title='bbox 735 3499 859 3548; x_wconf 68' lang='lat' dir='ltr'><strong>dlxit</strong></span> <span class='ocrx_word' id='word_1_227' title='bbox 890 3501 1061 3550; x_wconf 79' lang='lat' dir='ltr'><strong>Cicero</strong></span> <span class='ocrx_word' id='word_1_228' title='bbox 1084 3517 1237 3565; x_wconf 75' lang='lat' dir='ltr'><strong>«pars</strong></span> <span class='ocrx_word' id='word_1_229' title='bbox 1262 3502 1450 3550; x_wconf 70' lang='lat' dir='ltr'><strong>tetes-ni-</strong></span> 
     </span>
     <span class='ocr_line' id='line_1_33' title="bbox 427 3577 1446 3640; baseline 0.002 -14"><span class='ocrx_word' id='word_1_230' title='bbox 427 3579 543 3626; x_wconf 74' lang='lat' dir='ltr'><strong>tatis</strong></span> <span class='ocrx_word' id='word_1_231' title='bbox 565 3597 613 3638; x_wconf 73' lang='grc' dir='ltr'><strong>ι,</strong></span> <span class='ocrx_word' id='word_1_232' title='bbox 638 3577 698 3626; x_wconf 85' lang='lat' dir='ltr'><strong>fit</strong></span> <span class='ocrx_word' id='word_1_233' title='bbox 732 3579 897 3640; x_wconf 72' lang='lat' dir='ltr'><strong>aliud,</strong></span> <span class='ocrx_word' id='word_1_234' title='bbox 928 3581 1025 3630; x_wconf 80' lang='lat' dir='ltr'><strong>hoc</strong></span> <span class='ocrx_word' id='word_1_235' title='bbox 1066 3591 1167 3638; x_wconf 78' lang='lat' dir='ltr'><strong>est,</strong></span> <span class='ocrx_word' id='word_1_236' title='bbox 1202 3581 1446 3630; x_wconf 74' lang='lat' dir='ltr'><strong>diversum</strong></span> 
     </span>
     <span class='ocr_line' id='line_1_34' title="bbox 424 3659 1447 3725; baseline 0.006 -20"><span class='ocrx_word' id='word_1_237' title='bbox 424 3659 622 3722; x_wconf 76' lang='lat' dir='ltr'><strong>specie,</strong></span> <span class='ocrx_word' id='word_1_238' title='bbox 664 3675 815 3723; x_wconf 82' lang='lat' dir='ltr'><strong>quum</strong></span> <span class='ocrx_word' id='word_1_239' title='bbox 854 3659 973 3710; x_wconf 81' lang='lat' dir='ltr'><strong>hino</strong></span> <span class='ocrx_word' id='word_1_240' title='bbox 1007 3661 1071 3709; x_wconf 85' lang='lat' dir='ltr'><strong>sit</strong></span> <span class='ocrx_word' id='word_1_241' title='bbox 1104 3678 1215 3725; x_wconf 78' lang='lat' dir='ltr'><strong>pars</strong></span> <span class='ocrx_word' id='word_1_242' title='bbox 1254 3662 1447 3711; x_wconf 64' lang='lat' dir='ltr'><strong>eterui-</strong></span> 
     </span>
     <span class='ocr_line' id='line_1_35' title="bbox 428 3738 1451 3796; baseline 0.003 -12"><span class='ocrx_word' id='word_1_243' title='bbox 428 3738 542 3786; x_wconf 77' lang='lat' dir='ltr'><strong>tatis</strong></span> <span class='ocrx_word' id='word_1_244' title='bbox 556 3774 571 3796; x_wconf 87' lang='lat'><strong>,</strong></span> <span class='ocrx_word' id='word_1_245' title='bbox 602 3753 715 3790; x_wconf 79' lang='lat' dir='ltr'><strong>cum</strong></span> <span class='ocrx_word' id='word_1_246' title='bbox 754 3743 1006 3790; x_wconf 73' lang='lat' dir='ltr'><strong>notatione</strong></span> <span class='ocrx_word' id='word_1_247' title='bbox 1048 3741 1165 3790; x_wconf 80' lang='lat' dir='ltr'><strong>anui</strong></span> <span class='ocrx_word' id='word_1_248' title='bbox 1198 3740 1274 3790; x_wconf 81' lang='lat' dir='ltr'><strong>vel</strong></span> <span class='ocrx_word' id='word_1_249' title='bbox 1314 3755 1451 3790; x_wconf 77' lang='lat' dir='ltr'><strong>men-</strong></span> 
     </span>
     <span class='ocr_line' id='line_1_36' title="bbox 424 3817 1453 3886; baseline 0.005 -20"><span class='ocrx_word' id='word_1_250' title='bbox 424 3817 522 3878; x_wconf 85' lang='lat' dir='ltr'><strong>sis,</strong></span> <span class='ocrx_word' id='word_1_251' title='bbox 540 3827 635 3866; x_wconf 78' lang='lat' dir='ltr'><strong>ete.</strong></span> <span class='ocrx_word' id='word_1_252' title='bbox 666 3819 799 3884; x_wconf 84' lang='lat' dir='ltr'><strong>quod</strong></span> <span class='ocrx_word' id='word_1_253' title='bbox 830 3820 959 3870; x_wconf 76' lang='lat' dir='ltr'><strong>dixit</strong></span> <span class='ocrx_word' id='word_1_254' title='bbox 987 3821 1163 3870; x_wconf 81' lang='lat' dir='ltr'><strong>Cicero</strong></span> <span class='ocrx_word' id='word_1_255' title='bbox 1199 3845 1225 3864; x_wconf 72' lang='lat' dir='ltr'>a</span> <span class='ocrx_word' id='word_1_256' title='bbox 1242 3821 1453 3886; x_wconf 76' lang='lat' dir='ltr'><strong>spatium</strong></span> 
     </span>
     <span class='ocr_line' id='line_1_37' title="bbox 426 3896 1453 3962; baseline 0.005 -19"><span class='ocrx_word' id='word_1_257' title='bbox 426 3896 569 3958; x_wconf 80' lang='lat' dir='ltr'><strong>quod</strong></span> <span class='ocrx_word' id='word_1_258' title='bbox 590 3897 641 3946; x_wconf 88' lang='lat' dir='ltr'><strong>iu</strong></span> <span class='ocrx_word' id='word_1_259' title='bbox 664 3901 807 3948; x_wconf 80' lang='lat' dir='ltr'><strong>suuis</strong></span> <span class='ocrx_word' id='word_1_260' title='bbox 827 3909 913 3948; x_wconf 81' lang='lat' dir='ltr'><strong>sut</strong></span> <span class='ocrx_word' id='word_1_261' title='bbox 934 3901 985 3948; x_wconf 89' lang='lat' dir='ltr'><strong>iu</strong></span> <span class='ocrx_word' id='word_1_262' title='bbox 1005 3916 1137 3950; x_wconf 77' lang='lat' dir='ltr'><strong>auno</strong></span> <span class='ocrx_word' id='word_1_263' title='bbox 1154 3935 1169 3962; x_wconf 85' lang='lat'><strong>,</strong></span> <span class='ocrx_word' id='word_1_264' title='bbox 1190 3902 1347 3950; x_wconf 79' lang='lat' dir='ltr'><strong>autin</strong></span> <span class='ocrx_word' id='word_1_265' title='bbox 1362 3901 1453 3948; x_wconf 81' lang='lat' dir='ltr'><strong>sli-</strong></span> 
     </span>
     <span class='ocr_line' id='line_1_38' title="bbox 424 3980 1457 4046; baseline 0.004 -22"><span class='ocrx_word' id='word_1_266' title='bbox 424 3991 525 4040; x_wconf 74' lang='lat' dir='ltr'><strong>quu</strong></span> <span class='ocrx_word' id='word_1_267' title='bbox 565 3988 703 4041; x_wconf 77' lang='lat' dir='ltr'><strong>parte</strong></span> <span class='ocrx_word' id='word_1_268' title='bbox 737 3980 853 4027; x_wconf 78' lang='lat' dir='ltr'><strong>suni</strong></span> <span class='ocrx_word' id='word_1_269' title='bbox 890 3991 1179 4046; x_wconf 74' lang='lat' dir='ltr'><strong>spectatur·</strong></span> <span class='ocrx_word' id='word_1_270' title='bbox 1199 4015 1215 4040; x_wconf 83' lang='grc'>,</span> <span class='ocrx_word' id='word_1_271' title='bbox 1252 3982 1369 4030; x_wconf 84' lang='lat' dir='ltr'><strong>inde</strong></span> <span class='ocrx_word' id='word_1_272' title='bbox 1390 3981 1457 4034; x_wconf 81' lang='lat' dir='ltr'><strong>sit</strong></span> 
     </span>
     <span class='ocr_line' id='line_1_39' title="bbox 426 4058 1454 4125; baseline 0.007 -22"><span class='ocrx_word' id='word_1_273' title='bbox 426 4069 541 4120; x_wconf 79' lang='lat' dir='ltr'><strong>pars</strong></span> <span class='ocrx_word' id='word_1_274' title='bbox 589 4058 871 4106; x_wconf 65' lang='lat' dir='ltr'><strong>eternitatis</strong></span> <span class='ocrx_word' id='word_1_275' title='bbox 916 4077 1027 4108; x_wconf 84' lang='lat' dir='ltr'><strong>cum</strong></span> <span class='ocrx_word' id='word_1_276' title='bbox 1073 4062 1454 4125; x_wconf 70' lang='lat' dir='ltr'><strong>opportunitatis</strong></span> 
     </span>
    </p>
   </div>
   <div class='ocr_carea' id='block_1_4' title="bbox 1539 2785 2564 2851">
    <p class='ocr_par' dir='ltr' id='par_1_6' title="bbox 1539 2785 2564 2851">
     <span class='ocr_line' id='line_1_40' title="bbox 1539 2785 2564 2851; baseline -0.001 -13"><span class='ocrx_word' id='word_1_277' title='bbox 1539 2787 1792 2838; x_wconf 73' lang='lat' dir='ltr'><strong>notatione</strong></span> <span class='ocrx_word' id='word_1_278' title='bbox 1810 2823 1826 2847; x_wconf 84' lang='lat'><strong>,</strong></span> <span class='ocrx_word' id='word_1_279' title='bbox 1853 2786 1994 2851; x_wconf 84' lang='lat' dir='ltr'><strong>quod</strong></span> <span class='ocrx_word' id='word_1_280' title='bbox 2020 2802 2164 2850; x_wconf 74' lang='lat' dir='ltr'><strong>supra</strong></span> <span class='ocrx_word' id='word_1_281' title='bbox 2187 2785 2258 2834; x_wconf 80' lang='lat' dir='ltr'><strong>sio</strong></span> <span class='ocrx_word' id='word_1_282' title='bbox 2282 2786 2466 2836; x_wconf 80' lang='lat' dir='ltr'><strong>dictum</strong></span> <span class='ocrx_word' id='word_1_283' title='bbox 2491 2795 2564 2837; x_wconf 74' lang='lat' dir='ltr'><strong>est</strong></span> 
     </span>
    </p>
   </div>
   <div class='ocr_carea' id='block_1_5' title="bbox 1535 2865 2564 2930">
    <p class='ocr_par' dir='ltr' id='par_1_7' title="bbox 1535 2865 2564 2930">
     <span class='ocr_line' id='line_1_41' title="bbox 1535 2865 2564 2930; baseline -0.001 -17"><span class='ocrx_word' id='word_1_284' title='bbox 1535 2887 1562 2908; x_wconf 77' lang='lat' dir='ltr'><strong>e:</strong></span> <span class='ocrx_word' id='word_1_285' title='bbox 1580 2867 1643 2913; x_wconf 79' lang='lat' dir='ltr'><strong>ad</strong></span> <span class='ocrx_word' id='word_1_286' title='bbox 1673 2867 1884 2930; x_wconf 78' lang='lat' dir='ltr'><strong>spatium</strong></span> <span class='ocrx_word' id='word_1_287' title='bbox 1921 2866 2154 2930; x_wconf 84' lang='lat' dir='ltr'><strong>temporis</strong></span> <span class='ocrx_word' id='word_1_288' title='bbox 2185 2865 2396 2917; x_wconf 66' lang='lat' dir='ltr'><strong>faciundi</strong></span> <span class='ocrx_word' id='word_1_289' title='bbox 2423 2879 2564 2930; x_wconf 62' lang='lat' dir='ltr'><strong>qua·</strong></span> 
     </span>
    </p>
   </div>
   <div class='ocr_carea' id='block_1_6' title="bbox 1537 2945 2565 4128">
    <p class='ocr_par' dir='ltr' id='par_1_8' title="bbox 1537 2945 2561 3250">
     <span class='ocr_line' id='line_1_42' title="bbox 1537 2945 2560 3010; baseline -0.004 -14"><span class='ocrx_word' id='word_1_290' title='bbox 1537 2946 1650 2996; x_wconf 74' lang='lat' dir='ltr'><strong>dam</strong></span> <span class='ocrx_word' id='word_1_291' title='bbox 1671 2946 2016 3010; x_wconf 67' lang='lat' dir='ltr'><strong>opportunitas</strong></span> <span class='ocrx_word' id='word_1_292' title='bbox 2039 2945 2326 3006; x_wconf 73' lang='lat' dir='ltr'><strong>adjuncta».</strong></span> <span class='ocrx_word' id='word_1_293' title='bbox 2353 2947 2449 3006; x_wconf 74' lang='lat' dir='ltr'><strong>At,</strong></span> <span class='ocrx_word' id='word_1_294' title='bbox 2468 2946 2560 2992; x_wconf 76' lang='lat' dir='ltr'><strong>nisi</strong></span> 
     </span>
     <span class='ocr_line' id='line_1_43' title="bbox 1539 3023 2560 3088; baseline -0.004 -12"><span class='ocrx_word' id='word_1_295' title='bbox 1539 3025 1702 3088; x_wconf 74' lang='lat' dir='ltr'><strong>fallor,</strong></span> <span class='ocrx_word' id='word_1_296' title='bbox 1721 3035 1836 3077; x_wconf 83' lang='lat' dir='ltr'><strong>sunt</strong></span> <span class='ocrx_word' id='word_1_297' title='bbox 1852 3041 1921 3074; x_wconf 61' lang='grc' dir='ltr'><strong>οε</strong></span> <span class='ocrx_word' id='word_1_298' title='bbox 1939 3041 2042 3073; x_wconf 86' lang='lat' dir='ltr'><strong>non</strong></span> <span class='ocrx_word' id='word_1_299' title='bbox 2060 3035 2160 3074; x_wconf 69' lang='lat' dir='ltr'><strong>tam</strong></span> <span class='ocrx_word' id='word_1_300' title='bbox 2179 3023 2392 3084; x_wconf 79' lang='lat' dir='ltr'><strong>ejusdem</strong></span> <span class='ocrx_word' id='word_1_301' title='bbox 2413 3039 2560 3087; x_wconf 81' lang='lat' dir='ltr'><strong>geue·</strong></span> 
     </span>
     <span class='ocr_line' id='line_1_44' title="bbox 1539 3103 2561 3169; baseline 0 -15"><span class='ocrx_word' id='word_1_302' title='bbox 1539 3107 1606 3154; x_wconf 85' lang='lat' dir='ltr'><strong>ris</strong></span> <span class='ocrx_word' id='word_1_303' title='bbox 1631 3105 1832 3156; x_wconf 78' lang='lat' dir='ltr'><strong>diversae</strong></span> <span class='ocrx_word' id='word_1_304' title='bbox 1857 3105 2045 3169; x_wconf 82' lang='lat' dir='ltr'><strong>speeies</strong></span> <span class='ocrx_word' id='word_1_305' title='bbox 2069 3119 2217 3168; x_wconf 73' lang='lat' dir='ltr'><strong>quam</strong></span> <span class='ocrx_word' id='word_1_306' title='bbox 2245 3103 2464 3166; x_wconf 78' lang='lat' dir='ltr'><strong>ejusdem</strong></span> <span class='ocrx_word' id='word_1_307' title='bbox 2491 3106 2561 3154; x_wconf 76' lang='lat' dir='ltr'><strong>rei</strong></span> 
     </span>
     <span class='ocr_line' id='line_1_45' title="bbox 1540 3185 1982 3250; baseline -0.005 -16"><span class='ocrx_word' id='word_1_308' title='bbox 1540 3185 1718 3234; x_wconf 83' lang='lat' dir='ltr'><strong>diversi</strong></span> <span class='ocrx_word' id='word_1_309' title='bbox 1739 3195 1982 3250; x_wconf 74' lang='lat' dir='ltr'><strong>aspectus.</strong></span> 
     </span>
    </p>

    <p class='ocr_par' dir='ltr' id='par_1_9' title="bbox 1611 3263 2262 3329">
     <span class='ocr_line' id='line_1_46' title="bbox 1611 3263 2262 3329; baseline -0.003 -15"><span class='ocrx_word' id='word_1_310' title='bbox 1611 3272 1660 3321; x_wconf 72' lang='grc'><strong>4.</strong></span> <span class='ocrx_word' id='word_1_311' title='bbox 1684 3268 1821 3316; x_wconf 77' lang='lat' dir='ltr'><em>Hoec.</em></span> <span class='ocrx_word' id='word_1_312' title='bbox 1841 3265 2032 3329; x_wconf 77' lang='lat' dir='ltr'><strong>Nempe</strong></span> <span class='ocrx_word' id='word_1_313' title='bbox 2053 3263 2262 3312; x_wconf 66' lang='lat' dir='ltr'><strong>occasio.</strong></span> 
     </span>
    </p>

    <p class='ocr_par' dir='ltr' id='par_1_10' title="bbox 1537 3342 2565 3634">
     <span class='ocr_line' id='line_1_47' title="bbox 1615 3342 2565 3400; baseline -0.001 -7"><span class='ocrx_word' id='word_1_314' title='bbox 1615 3345 1664 3394; x_wconf 84' lang='lat'><strong>5.</strong></span> <span class='ocrx_word' id='word_1_315' title='bbox 1685 3343 1965 3393; x_wconf 68' lang='lat' dir='ltr'><strong>Prudentiae</strong></span> <span class='ocrx_word' id='word_1_316' title='bbox 1983 3342 2128 3390; x_wconf 76' lang='lat' dir='ltr'><strong>ratio.</strong></span> <span class='ocrx_word' id='word_1_317' title='bbox 2157 3343 2356 3392; x_wconf 74' lang='lat' dir='ltr'><strong>Lallem.</strong></span> <span class='ocrx_word' id='word_1_318' title='bbox 2383 3353 2432 3394; x_wconf 82' lang='lat' dir='ltr'><strong>et</strong></span> <span class='ocrx_word' id='word_1_319' title='bbox 2454 3344 2534 3393; x_wconf 74' lang='lat' dir='ltr'><strong>ali-i</strong></span> <span class='ocrx_word' id='word_1_320' title='bbox 2547 3377 2565 3400; x_wconf 85' lang='lat'>,</span> 
     </span>
     <span class='ocr_line' id='line_1_48' title="bbox 1543 3423 2564 3489; baseline -0.004 -17"><span class='ocrx_word' id='word_1_321' title='bbox 1543 3447 1570 3468; x_wconf 72' lang='grc' dir='ltr'><strong>ιι</strong></span> <span class='ocrx_word' id='word_1_322' title='bbox 1583 3424 1857 3489; x_wconf 70' lang='lat' dir='ltr'><strong>prudentie</strong></span> <span class='ocrx_word' id='word_1_323' title='bbox 1892 3435 2056 3474; x_wconf 76' lang='lat' dir='ltr'><strong>nutem</strong></span> <span class='ocrx_word' id='word_1_324' title='bbox 2091 3423 2214 3474; x_wconf 76' lang='lat' dir='ltr'><strong>ratio</strong></span> <span class='ocrx_word' id='word_1_325' title='bbox 2227 3445 2270 3472; x_wconf 68' lang='grc' dir='ltr'><strong>υ.</strong></span> <span class='ocrx_word' id='word_1_326' title='bbox 2301 3423 2564 3470; x_wconf 76' lang='lat' dir='ltr'><strong>Prudentia</strong></span> 
     </span>
     <span class='ocr_line' id='line_1_49' title="bbox 1537 3504 2564 3568; baseline -0.003 -16"><span class='ocrx_word' id='word_1_327' title='bbox 1537 3515 1699 3552; x_wconf 76' lang='lat' dir='ltr'><strong>nutem</strong></span> <span class='ocrx_word' id='word_1_328' title='bbox 1738 3504 2085 3568; x_wconf 76' lang='lat' dir='ltr'><strong>complectitur</strong></span> <span class='ocrx_word' id='word_1_329' title='bbox 2123 3521 2179 3552; x_wconf 77' lang='lat' dir='ltr'><strong>ea</strong></span> <span class='ocrx_word' id='word_1_330' title='bbox 2215 3519 2324 3567; x_wconf 66' lang='lat' dir='ltr'><strong>qua</strong></span> <span class='ocrx_word' id='word_1_331' title='bbox 2362 3518 2564 3568; x_wconf 71' lang='lat' dir='ltr'><strong>praetne-</strong></span> 
     </span>
     <span class='ocr_line' id='line_1_50' title="bbox 1539 3583 1848 3634; baseline 0.006 -2"><span class='ocrx_word' id='word_1_332' title='bbox 1539 3583 1690 3632; x_wconf 72' lang='lat' dir='ltr'><strong>ditata</strong></span> <span class='ocrx_word' id='word_1_333' title='bbox 1711 3596 1848 3634; x_wconf 86' lang='lat' dir='ltr'><strong>snut.</strong></span> 
     </span>
    </p>

    <p class='ocr_par' dir='ltr' id='par_1_11' title="bbox 1541 3657 2564 4128">
     <span class='ocr_line' id='line_1_51' title="bbox 1612 3657 2564 3728; baseline -0.002 -18"><span class='ocrx_word' id='word_1_334' title='bbox 1612 3664 1660 3711; x_wconf 89' lang='lat'><strong>6.</strong></span> <span class='ocrx_word' id='word_1_335' title='bbox 1700 3665 1764 3710; x_wconf 76' lang='lat' dir='ltr'><strong>Its</strong></span> <span class='ocrx_word' id='word_1_336' title='bbox 1789 3661 2133 3728; x_wconf 74' lang='lat' dir='ltr'><strong>purgationem</strong></span> <span class='ocrx_word' id='word_1_337' title='bbox 2177 3657 2446 3723; x_wconf 68' lang='lat' dir='ltr'><strong>confertur.</strong></span> <span class='ocrx_word' id='word_1_338' title='bbox 2487 3659 2564 3708; x_wconf 75' lang='lat' dir='ltr'><strong>De</strong></span> 
     </span>
     <span class='ocr_line' id='line_1_52' title="bbox 1541 3737 2559 3806; baseline -0.004 -16"><span class='ocrx_word' id='word_1_339' title='bbox 1541 3759 1636 3806; x_wconf 82' lang='lat' dir='ltr'><strong>qus</strong></span> <span class='ocrx_word' id='word_1_340' title='bbox 1655 3758 1830 3806; x_wconf 81' lang='lat' dir='ltr'><strong>supra,</strong></span> <span class='ocrx_word' id='word_1_341' title='bbox 1857 3757 1966 3805; x_wconf 78' lang='lat' dir='ltr'><strong>esp.</strong></span> <span class='ocrx_word' id='word_1_342' title='bbox 1995 3757 2076 3801; x_wconf 70' lang='grc' dir='ltr'><strong>ιι,</strong></span> <span class='ocrx_word' id='word_1_343' title='bbox 2105 3751 2156 3790; x_wconf 84' lang='lat' dir='ltr'><strong>et</strong></span> <span class='ocrx_word' id='word_1_344' title='bbox 2181 3739 2332 3796; x_wconf 74' lang='lat' dir='ltr'><strong>iufra,</strong></span> <span class='ocrx_word' id='word_1_345' title='bbox 2370 3739 2444 3797; x_wconf 85' lang='lat'><strong>11,</strong></span> <span class='ocrx_word' id='word_1_346' title='bbox 2477 3737 2559 3796; x_wconf 79' lang='lat'><strong>31,</strong></span> 
     </span>
     <span class='ocr_line' id='line_1_53' title="bbox 1543 3817 2561 3884; baseline -0.006 -12"><span class='ocrx_word' id='word_1_347' title='bbox 1543 3822 1632 3872; x_wconf 82' lang='lat' dir='ltr'><strong>nbi</strong></span> <span class='ocrx_word' id='word_1_348' title='bbox 1650 3821 1841 3870; x_wconf 69' lang='lat' dir='ltr'><strong>easdem</strong></span> <span class='ocrx_word' id='word_1_349' title='bbox 1859 3837 1980 3884; x_wconf 74' lang='lat' dir='ltr'><strong>quas</strong></span> <span class='ocrx_word' id='word_1_350' title='bbox 1999 3820 2095 3870; x_wconf 82' lang='lat' dir='ltr'><strong>hoe</strong></span> <span class='ocrx_word' id='word_1_351' title='bbox 2119 3820 2234 3870; x_wconf 88' lang='lat' dir='ltr'><strong>loco</strong></span> <span class='ocrx_word' id='word_1_352' title='bbox 2256 3828 2419 3882; x_wconf 78' lang='lat' dir='ltr'><strong>partes</strong></span> <span class='ocrx_word' id='word_1_353' title='bbox 2447 3817 2561 3866; x_wconf 72' lang='lat' dir='ltr'><strong>feeit</strong></span> 
     </span>
     <span class='ocr_line' id='line_1_54' title="bbox 1547 3897 2562 3966; baseline -0.004 -15"><span class='ocrx_word' id='word_1_354' title='bbox 1547 3914 1670 3964; x_wconf 77' lang='lat' dir='ltr'><strong>tres,</strong></span> <span class='ocrx_word' id='word_1_355' title='bbox 1703 3903 1830 3951; x_wconf 74' lang='lat' dir='ltr'><strong>haue</strong></span> <span class='ocrx_word' id='word_1_356' title='bbox 1853 3903 2008 3966; x_wconf 78' lang='lat' dir='ltr'><strong>ipsam</strong></span> <span class='ocrx_word' id='word_1_357' title='bbox 2037 3898 2416 3964; x_wconf 80' lang='lat' dir='ltr'><strong>imprudentiam</strong></span> <span class='ocrx_word' id='word_1_358' title='bbox 2437 3897 2562 3960; x_wconf 83' lang='lat' dir='ltr'>(h.1.</span> 
     </span>
     <span class='ocr_line' id='line_1_55' title="bbox 1546 3978 2564 4044; baseline -0.003 -13"><span class='ocrx_word' id='word_1_359' title='bbox 1546 3981 1898 4044; x_wconf 72' lang='lat' dir='ltr'><strong>inscientiam),</strong></span> <span class='ocrx_word' id='word_1_360' title='bbox 1933 3997 2122 4039; x_wconf 66' lang='lat' dir='ltr'><strong>asum,</strong></span> <span class='ocrx_word' id='word_1_361' title='bbox 2160 3978 2564 4030; x_wconf 67' lang='lat' dir='ltr'><strong>necessitudine-</strong></span> 
     </span>
     <span class='ocr_line' id='line_1_56' title="bbox 1543 4061 2260 4128; baseline -0.008 -16"><span class='ocrx_word' id='word_1_362' title='bbox 1543 4063 1618 4128; x_wconf 84' lang='lat' dir='ltr'><strong>(h.</strong></span> <span class='ocrx_word' id='word_1_363' title='bbox 1639 4062 1672 4110; x_wconf 91' lang='lat' dir='ltr'><strong>l.</strong></span> <span class='ocrx_word' id='word_1_364' title='bbox 1697 4061 2066 4124; x_wconf 72' lang='lat' dir='ltr'><strong>necessitatem).</strong></span> <span class='ocrx_word' id='word_1_365' title='bbox 2083 4061 2260 4108; x_wconf 73' lang='lat' dir='ltr'><strong>Wsrs.</strong></span> 
     </span>
    </p>
   </div>
  </div>
 </body>
</html>
