2982 4682
759 319 888 388 An
935 315 1519 403 HERENNIUM‚
1568 321 1833 392 LIBER
1884 323 1987 406 Π,
2040 267 2155 405 44.

2429 323 2525 420 93

383 450 468 516 in
527 445 808 531 nostra,
853 457 928 514 et
983 438 1432 514 observanda
1489 442 1565 512 in
1624 441 2191 516 adversariorum
2244 445 2525 517 ratione

387 571 565 628 sunt
607 555 811 640 vitia,
853 565 1388 650 proptereaque
1442 550 1900 651 diligentius⁷
1962 555 2525 644 consideranda,

385 664 592 764 quod
619 676 948 736 accurata
986 659 1440 734 confirmatio
1480 665 1779 736 rationis
1801 680 2025 736 totam
2050 664 2526 738 vehementis-

386 781 572 846 sime
589 771 1021 874 comprobat
1040 775 1761 869 argumentationem.
1788 781 2116 848 Utuntur
2138 777 2354 874 igitur
2374 793 2523 848 stu-

387 883 624 958 diosi⁸
674 890 752 957 in
803 879 1301 957 confirmanda
1342 886 1625 958 ratione
1661 885 1981 984 duplici9
2020 886 2523 977 conclusione,

385 995 612 1067 modo
642 1025 664 1065 .-

672 1190 892 1269 Injuria
915 1191 1022 1251 abs
1046 1206 1104 1250 te
1131 1191 1364 1251 afficior
1395 1188 1665 1268 indigna,
1691 1200 1873 1266 pater.

665 1287 812 1342 Nam
827 1327 846 1356 ,
871 1284 920 1344 si
945 1283 1280 1362 improbum
1312 1275 1733 1361 Crespliontem
1756 1280 2187 1342 existimaveras
2204 1294 2285 1354 ¹⁰,

662 1379 782 1436 Cur
811 1395 902 1434 me
935 1375 1074 1434 hnic
1097 1375 1331 1436 locabas
1352 1389 1398 1416 ¹¹
1423 1375 1678 1454 nuptiis?
1696 1375 1785 1432 sin
1814 1385 1903 1432 est
1928 1372 2178 1452 probus,

665 1471 787 1526 Cur
813 1470 988 1527 talem
1014 1469 1256 1528 invitam
1284 1467 1528 1526 invitum
1560 1468 1716 1546 cogis
1743 1467 2007 1546 linquere
2032 1469 2119 1524 ¹²?

381 1647 566 1734 Quae
600 1641 743 1713 hoc
783 1642 1008 1713 modo
1049 1639 1616 1728 concludentur,
1668 1656 1792 1712 aut
1827 1666 1913 1712 ex
1948 1645 2311 1715 contrario
2346 1621 2523 1714 con-

378 1761 964 1839 vertentur‚‘aut
1005 1775 1095 1822 ex
1129 1752 1439 1850 simplici
1482 1765 1688 1850 parte
1728 1735 2378 1849 reprehendentur.
2419 1757 2521 1824 Ex

381 1863 754 1962 contrario
784 1859 928 1932 hoc
965 1859 1187 1932 modo
1238 1888 1252 1928 :

663 2071 838 2132 Nulla
861 2085 918 2130 te
941 2069 1206 2149 indigna,
1230 2083 1398 2140 nata,
1429 2069 1623 2128 afficio
1650 2069 1885 2147 injuria.

663 2165 728 2225 Si
753 2161 976 2244 probus
1001 2175 1088 2223 est
1105 2206 1123 2234 ,
1149 2162 1435 2222 collocavi
1455 2161 1501 2202 ¹³
1526 2185 1539 2220 :
1573 2161 1663 2220 sin
1692 2174 1885 2220 autem
1912 2159 2213 2240 improbus
2230 2207 2245 2234 ,

661 2257 932 2317 Divortio
957 2270 1014 2314 te
1034 2254 1299 2315 liberabo
1323 2254 1726 2314 incommodis·

457 2512 507 2555 7.
525 2478 822 2556 Diligentius
841 2485 1222 2536 consideranda.
1237 2484 1410 2534 Delevi

383 2585 520 2633 eune,
545 2570 684 2638 quod
703 2580 753 2618 et
778 2583 807 2616 a
833 2566 1014 2616 nostris
1030 2564 1157 2615 MSS
1177 2576 1228 2613 et
1240 2558 1268 2613 a
1287 2563 1412 2611 mul-

387 2656 450 2701 tis
473 2668 554 2717 ap.
581 2648 714 2699 Ond.
751 2658 802 2695 et
827 2648 994 2695 θην.
1033 2644 1196 2703 abest,
1231 2654 1410 2691 temere

385 2734 486 2781 hae
509 2748 538 2780 e
559 2730 791 2797 proximo
817 2736 1028 2775 tractum
1059 2738 1074 2772 :
1109 2723 1225 2771 item
1251 2723 1312 2771 ab
1333 2722 1414 2770 ed.

385 2818 532 2865 Jum.
579 2814 714 2861 Bau.
759 2835 830 2847 —
869 2809 989 2854 Sum
1023 2804 1161 2853 adest
1199 2805 1255 2852 in
1296 2802 1409 2852 edd.

393 2893 558 2954 1476,
593 2888 732 2939 Med.
764 2884 895 2949 1498
918 2920 934 2945 ,
966 2894 1014 2931 et
1042 2883 1237 2932 Gruter.

461 2974 510 3021 8.
545 2970 702 3035 Igitur
722 2964 940 3015 studiosi.
971 2963 1052 3011 Sic
1079 2977 1174 3026 pro
1199 2960 1413 3009 studiose

390 3052 646 3109 dedimus,
684 3065 712 3096 e
743 3047 869 3097 MSS
893 3042 1078 3092 nostris
1103 3052 1154 3089 et
1184 3041 1292 3089 aliis
1330 3055 1410 3105 ap.

389 3128 620 3180 Oudend.
649 3124 767 3176 edel.
793 3124 1022 3187 antiquis.
1045 3119 1310 3169 Lambinus
1331 3118 1410 3166 in·

389 3210 532 3259 duxit
555 3206 769 3257 studiose
795 3221 823 3252 e
848 3202 1041 3252 duobus
1067 3216 1164 3249 ser.
1191 3200 1412 3263 ineptum

383 3288 610 3352 judie-ns
648 3285 700 3333 h.
737 3284 778 3332 l.
819 3280 1028 3330 studiosi
1054 3296 1074 3327 .·
1100 3278 1238 3345 quod
1263 3277 1416 3325 miror

386 3372 441 3418 in
461 3370 544 3418 ilia
558 3368 650 3416 viri
672 3363 926 3428 elegantia.
944 3358 1153 3408 Studiosi
1171 3367 1288 3407 sunt
1305 3357 1414 3405 elo-

385 3449 602 3514 quentiae
621 3445 851 3497 cultores.
885 3442 1110 3489 Ceterum
1129 3454 1234 3487 non
1254 3450 1382 3499 nego
1396 3468 1412 3492 ,

387 3542 438 3578 et
455 3528 702 3593 vulgatum
723 3524 853 3572 bene
878 3521 1004 3579 diei,
1029 3530 1088 3569 nt
1107 3528 1312 3566 utuntur
1327 3513 1412 3563 ab·

387 3608 552 3656 solute
575 3606 783 3655 dicatur.
807 3601 908 3652 Sed
929 3600 1094 3667 plures
1119 3610 1169 3647 et
1190 3596 1416 3645 meliores

387 3686 504 3735 libri
529 3695 644 3733 sunt
665 3680 914 3731 audiendi.
937 3682 1070 3730 Eu.
1101 3704 1172 3715 -
1205 3674 1418 3723 smdiosi

386 3781 493 3813 non
507 3774 640 3823 sunt,
653 3772 797 3828 puto,
812 3784 836 3802 -
849 3760 1140 3824 eloquentia
1154 3756 1364 3805 cultores
1373 3776 1416 3814 ιο,

385 3844 476 3893 sed
501 3866 528 3887 ιι
548 3846 635 3909 qui
653 3859 710 3890 ea
728 3840 992 3891 studiosius
1015 3846 1222 3886 tractant
1241 3855 1288 3884 ι.

459 3942 514 3987 9.
563 3920 758 3989 Duplici
807 3918 1134 3968 conclusione.
1177 3918 1220 3963 1.
1255 3932 1299 3961 e.
1337 3912 1416 3961 di-

389 4005 438 4053 le
448 4012 644 4051 mmate.

1500 2498 1595 2535 tem
1630 2484 2007 2535 existimaveras.
2044 2484 2241 2535 Schiitz.
2262 2506 2287 2527 α
2307 2485 2433 2535 Nam
2450 2522 2463 2543 ,
2484 2489 2523 2535 si

1499 2566 1850 2631 Cresphontem
1870 2566 2179 2615 existimabas
2197 2566 2475 2631 improbum
2498 2590 2523 2609 ι

1500 2662 1563 2693 ex
1590 2644 1705 2693 edd.
1730 2662 1806 2711 pr.
1844 2655 1895 2693 et
1929 2646 2053 2695 MSS
2080 2646 2271 2710 aliquot
2304 2658 2357 2695 et
2382 2646 2521 2695 Laid.

1502 2740 1552 2773 a.
1584 2746 1609 2769 ι
1630 2725 1801 2773 Namsi
1826 2725 1945 2788 imp.
1980 2725 2187 2789 Crespb.
2208 2726 2519 2775 existimave-

1500 2820 1578 2852 ras
1604 2826 1629 2846 n
1653 2804 1775 2852 Mss
1791 2802 2023 2850 Oudeud.
2044 2818 2234 2852 omnes.

1578 2898 1660 2932 ιι.
1697 2882 1793 2929 Cur
1826 2896 1902 2927 me
1927 2879 2038 2928 huic
2075 2882 2312 2929 locabar?
2329 2880 2522 2932 Habent

1500 2970 1619 3009 vett.
1646 2959 1757 3007 edd.
1786 2958 1947 3022 huju.

1580 3054 1662 3089 12.
1688 3038 1875 3099 Iniuria
1909 3037 1993 3085 abs
2020 3048 2066 3085 te
2082 3034 2277 3105 officior
2314 3072 2327 3085 .
2350 3073 2363 3085 .
2386 3070 2401 3085 .
2430 3038 2527 3087 lin-

1504 3123 1690 3185 quere?
1723 3120 1792 3167 m
1823 3134 1987 3166 versus
2004 3126 2217 3181 quatuor
2233 3128 2349 3165 sunt
2376 3119 2525 3167 Ennii

1503 3216 1567 3247 ex
1592 3200 1894 3265 Cresphonte
1912 3231 1929 3258 ‚
1950 3212 2096 3261 quam
2122 3195 2371 3260 Euripidis
2387 3197 2523 3247 fabu-

1503 3279 1601 3327 lam
1622 3278 1705 3327 ille
1732 3288 1834 3325 erat
1850 3278 2080 3323 imitatus.

1580 3356 1660 3405 13.
1688 3352 1944 3407 collocavi.
1972 3354 2099 3402 MSS
2123 3352 2307 3401 babent
2331 3354 2407 3403 vel
2433 3356 2531 3401 eol..

1505 3435 1665 3482 locavi
1681 3466 1699 3495 ‚
1716 3445 1777 3484 ut
1798 3432 1915 3481 edd.
1942 3444 2061 3481 vett.
2088 3432 2167 3480 vel
2193 3443 2241 3480 te
2256 3434 2521 3493 collocavi,

1504 3513 1641 3578 quod
1665 3524 1717 3563 et
1742 3512 1819 3561 ed.
1853 3514 1987 3572 1474
2026 3510 2191 3559 habet.
2240 3513 2367 3559 Puto
2406 3529 2521 3561 eum

1504 3594 1733 3643 Oudend.
1756 3592 1997 3657 optimum
2024 3606 2127 3638 esse
2156 3601 2205 3639 ee
2232 3591 2422 3652 locavi,
2440 3593 2527 3641 secl

1506 3672 1658 3721 libros
1683 3674 1847 3738 plures
1868 3681 2103 3735 sequutus
2130 3686 2253 3717 snm.
2284 3672 2417 3717 Bene
2451 3683 2524 3721 est

1506 3751 1662 3815 glossa
1700 3766 1847 3814 quam
1885 3749 2071 3814 primus
2106 3746 2305 3795 induxit
2343 3748 2522 3799 Aldus.

1504 3832 1635 3880 Ean.
1662 3828 1941 3879 —Sebiitm
1972 3840 2015 3877 ce
2034 3827 2215 3887 locavi,
2237 3833 2527 3879 auctoritate

1507 3908 1741 3959 Oudend.
1771 3911 2007 3956 Gruterus
2030 3908 2151 3954 bene
2176 3908 2357 3969 locavi.
2386 3912 2528 3972 Quo-

1506 3987 1657 4037 modo
1682 3998 1842 4035 autem
1868 3986 1945 4035 his
1972 3986 2189 4035 versibus
2208 3988 2434 4049 superior
2452 4004 2531 4037 ra·

471 4096 552 4132 ιο.
582 4082 744 4138 Nam,
777 4078 821 4127 si
857 4076 1122 4143 improbam
1148 4071 1424 4135 ,Cresphow-
1509 4070 1581 4118 tio
1606 4066 1879 4117 infirmetur
1900 4080 2002 4115 uon
2028 4063 2144 4114 satis
2165 4066 2427 4130 perspicio.
