<?xml version="1.0" encoding="UTF-8"?>
<!DOCTYPE html PUBLIC "-//W3C//DTD XHTML 1.0 Transitional//EN"
    "http://www.w3.org/TR/xhtml1/DTD/xhtml1-transitional.dtd">
<html xmlns="http://www.w3.org/1999/xhtml" xml:lang="en" lang="en">
 <head>
  <title>
</title>
<meta http-equiv="Content-Type" content="text/html;charset=utf-8" />
  <meta name='ocr-system' content='tesseract 3.04.00' />
  <meta name='ocr-capabilities' content='ocr_page ocr_carea ocr_par ocr_line ocrx_word'/>
</head>
<body>
  <div class='ocr_page' id='page_1' title='image "./mtciceronisquae07lemagoog_0290.png"; bbox 0 0 2982 4682; ppageno 0'>
   <div class='ocr_carea' id='block_1_1' title="bbox 405 332 1846 421">
    <p class='ocr_par' dir='ltr' id='par_1_1' title="bbox 405 332 1846 421">
     <span class='ocr_line' id='line_1_1' title="bbox 405 332 1846 421; baseline -0.001 -17"><span class='ocrx_word' id='word_1_1' title='bbox 405 333 543 421; x_wconf 77' lang='lat'><strong>264</strong></span> <span class='ocrx_word' id='word_1_2' title='bbox 1078 332 1176 398; x_wconf 87' lang='lat' dir='ltr'><strong>M.</strong></span> <span class='ocrx_word' id='word_1_3' title='bbox 1225 334 1300 399; x_wconf 90' lang='lat' dir='ltr'><strong>T.</strong></span> <span class='ocrx_word' id='word_1_4' title='bbox 1354 333 1846 403; x_wconf 76' lang='lat' dir='ltr'><strong>elcERoNJs</strong></span> 
     </span>
    </p>
   </div>
   <div class='ocr_carea' id='block_1_2' title="bbox 376 453 2526 2313">
    <p class='ocr_par' dir='ltr' id='par_1_2' title="bbox 376 453 2526 2313">
     <span class='ocr_line' id='line_1_2' title="bbox 396 453 2522 551; baseline -0 -21"><span class='ocrx_word' id='word_1_5' title='bbox 396 456 623 529; x_wconf 84' lang='lat' dir='ltr'><strong>nostri</strong></span> <span class='ocrx_word' id='word_1_6' title='bbox 662 482 695 524; x_wconf 88' lang='lat'><strong>·:</strong></span> <span class='ocrx_word' id='word_1_7' title='bbox 764 453 912 524; x_wconf 85' lang='lat' dir='ltr'><strong>noli</strong></span> <span class='ocrx_word' id='word_1_8' title='bbox 978 456 1434 551; x_wconf 85' lang='lat' dir='ltr'><strong>exstinguere</strong></span> <span class='ocrx_word' id='word_1_9' title='bbox 1501 455 1912 526; x_wconf 84' lang='lat' dir='ltr'><strong>exstinctos.</strong></span> <span class='ocrx_word' id='word_1_10' title='bbox 1970 458 2104 525; x_wconf 89' lang='lat' dir='ltr'><strong>Fer</strong></span> <span class='ocrx_word' id='word_1_11' title='bbox 2151 472 2522 530; x_wconf 83' lang='lat' dir='ltr'><strong>mansuete</strong></span> 
     </span>
     <span class='ocr_line' id='line_1_3' title="bbox 395 562 2526 661; baseline 0 -23"><span class='ocrx_word' id='word_1_12' title='bbox 395 566 763 639; x_wconf 86' lang='lat' dir='ltr'><strong>fortunam</strong></span> <span class='ocrx_word' id='word_1_13' title='bbox 800 592 815 634; x_wconf 92' lang='lat'>:</span> <span class='ocrx_word' id='word_1_14' title='bbox 858 588 991 635; x_wconf 90' lang='lat' dir='ltr'><strong>nos</strong></span> <span class='ocrx_word' id='word_1_15' title='bbox 1036 588 1333 661; x_wconf 90' lang='lat' dir='ltr'><strong>quoque</strong></span> <span class='ocrx_word' id='word_1_16' title='bbox 1376 562 1644 635; x_wconf 87' lang='lat' dir='ltr'><strong>fuimus</strong></span> <span class='ocrx_word' id='word_1_17' title='bbox 1685 563 1876 635; x_wconf 87' lang='lat' dir='ltr'><strong>beati</strong></span> <span class='ocrx_word' id='word_1_18' title='bbox 1929 592 1944 634; x_wconf 91' lang='lat'><strong>:</strong></span> <span class='ocrx_word' id='word_1_19' title='bbox 1993 589 2212 637; x_wconf 87' lang='lat' dir='ltr'><strong>nosce</strong></span> <span class='ocrx_word' id='word_1_20' title='bbox 2259 582 2328 637; x_wconf 87' lang='lat' dir='ltr'><strong>te</strong></span> <span class='ocrx_word' id='word_1_21' title='bbox 2371 592 2526 639; x_wconf 88' lang='lat' dir='ltr'><strong>esse</strong></span> 
     </span>
     <span class='ocr_line' id='line_1_4' title="bbox 396 674 2524 764; baseline 0 -16"><span class='ocrx_word' id='word_1_22' title='bbox 396 679 838 749; x_wconf 85' lang='lat' dir='ltr'><strong>hominem7.</strong></span> <span class='ocrx_word' id='word_1_23' title='bbox 898 678 989 745; x_wconf 87' lang='lat' dir='ltr'><strong>At</strong></span> <span class='ocrx_word' id='word_1_24' title='bbox 1048 674 1165 745; x_wconf 79' lang='lat' dir='ltr'><strong>ille</strong></span> <span class='ocrx_word' id='word_1_25' title='bbox 1200 701 1216 743; x_wconf 90' lang='lat'><strong>:</strong></span> <span class='ocrx_word' id='word_1_26' title='bbox 1255 675 1451 763; x_wconf 84' lang='lat' dir='ltr'><strong>Quin</strong></span> <span class='ocrx_word' id='word_1_27' title='bbox 1511 674 1712 745; x_wconf 88' lang='lat' dir='ltr'><strong>illum</strong></span> <span class='ocrx_word' id='word_1_28' title='bbox 1763 676 1942 746; x_wconf 87' lang='lat' dir='ltr'><strong>mihi</strong></span> <span class='ocrx_word' id='word_1_29' title='bbox 1987 675 2200 764; x_wconf 88' lang='lat' dir='ltr'><strong>datis,</strong></span> <span class='ocrx_word' id='word_1_30' title='bbox 2255 702 2337 748; x_wconf 89' lang='lat' dir='ltr'><strong>ac</strong></span> <span class='ocrx_word' id='word_1_31' title='bbox 2394 703 2524 749; x_wconf 82' lang='lat' dir='ltr'><strong>vos</strong></span> 
     </span>
     <span class='ocr_line' id='line_1_5' title="bbox 396 782 2524 882; baseline 0.001 -24"><span class='ocrx_word' id='word_1_32' title='bbox 396 784 691 858; x_wconf 85' lang='lat' dir='ltr'><strong>auribus</strong></span> <span class='ocrx_word' id='word_1_33' title='bbox 722 785 899 856; x_wconf 86' lang='lat' dir='ltr'><strong>meis</strong></span> <span class='ocrx_word' id='word_1_34' title='bbox 928 782 1311 882; x_wconf 85' lang='lat' dir='ltr'><strong>oppiorare</strong></span> <span class='ocrx_word' id='word_1_35' title='bbox 1344 782 1717 855; x_wconf 83' lang='lat' dir='ltr'><strong>desinitis?</strong></span> <span class='ocrx_word' id='word_1_36' title='bbox 1741 810 1892 857; x_wconf 87' lang='lat' dir='ltr'><strong>non</strong></span> <span class='ocrx_word' id='word_1_37' title='bbox 1917 784 2164 857; x_wconf 86' lang='lat' dir='ltr'><strong>abibit.</strong></span> <span class='ocrx_word' id='word_1_38' title='bbox 2205 785 2318 857; x_wconf 87' lang='lat' dir='ltr'><strong>Illi</strong></span> <span class='ocrx_word' id='word_1_39' title='bbox 2345 814 2524 860; x_wconf 88' lang='lat' dir='ltr'><strong>nun-</strong></span> 
     </span>
     <span class='ocr_line' id='line_1_6' title="bbox 393 894 2524 983; baseline -0 -14"><span class='ocrx_word' id='word_1_40' title='bbox 393 899 613 970; x_wconf 88' lang='lat' dir='ltr'><strong>tiatur</strong></span> <span class='ocrx_word' id='word_1_41' title='bbox 648 898 923 966; x_wconf 87' lang='lat' dir='ltr'><strong>interea</strong></span> <span class='ocrx_word' id='word_1_42' title='bbox 950 894 1227 964; x_wconf 83' lang='lat' dir='ltr'><strong>venisse</strong></span> <span class='ocrx_word' id='word_1_43' title='bbox 1260 895 1514 983; x_wconf 87' lang='lat' dir='ltr'><strong>istum,</strong></span> <span class='ocrx_word' id='word_1_44' title='bbox 1549 910 1620 966; x_wconf 90' lang='lat' dir='ltr'><strong>et</strong></span> <span class='ocrx_word' id='word_1_45' title='bbox 1645 896 1960 967; x_wconf 84' lang='lat' dir='ltr'><strong>clamore</strong></span> <span class='ocrx_word' id='word_1_46' title='bbox 1985 898 2301 971; x_wconf 84' lang='lat' dir='ltr'><strong>maximo</strong></span> <span class='ocrx_word' id='word_1_47' title='bbox 2333 921 2524 968; x_wconf 88' lang='lat' dir='ltr'><strong>mor-</strong></span> 
     </span>
     <span class='ocr_line' id='line_1_7' title="bbox 393 1003 2518 1104; baseline 0 -25"><span class='ocrx_word' id='word_1_48' title='bbox 393 1023 538 1079; x_wconf 86' lang='lat' dir='ltr'><strong>tem</strong></span> <span class='ocrx_word' id='word_1_49' title='bbox 589 1006 869 1076; x_wconf 86' lang='lat' dir='ltr'><strong>minari.</strong></span> <span class='ocrx_word' id='word_1_50' title='bbox 928 1003 1149 1095; x_wconf 89' lang='lat' dir='ltr'><strong>Quod</strong></span> <span class='ocrx_word' id='word_1_51' title='bbox 1202 1004 1413 1075; x_wconf 87' lang='lat' dir='ltr'><strong>simul</strong></span> <span class='ocrx_word' id='word_1_52' title='bbox 1454 1020 1540 1075; x_wconf 90' lang='lat' dir='ltr'><strong>ut</strong></span> <span class='ocrx_word' id='word_1_53' title='bbox 1595 1005 1906 1093; x_wconf 88' lang='lat' dir='ltr'><strong>audivit,</strong></span> <span class='ocrx_word' id='word_1_54' title='bbox 1963 1012 2198 1091; x_wconf 87' lang='lat' dir='ltr'><strong>Heus,</strong></span> <span class='ocrx_word' id='word_1_55' title='bbox 2237 1009 2518 1104; x_wconf 91' lang='lat' dir='ltr'><strong>inquit,</strong></span> 
     </span>
     <span class='ocr_line' id='line_1_8' title="bbox 390 1108 2522 1225; baseline -0 -35"><span class='ocrx_word' id='word_1_56' title='bbox 390 1119 694 1216; x_wconf 83' lang='lat' dir='ltr'>Gorgia,</span> <span class='ocrx_word' id='word_1_57' title='bbox 731 1108 1171 1225; x_wconf 79' lang='lat' dir='ltr'><strong>pediseque⁸</strong></span> <span class='ocrx_word' id='word_1_58' title='bbox 1200 1138 1630 1212; x_wconf 86' lang='lat' dir='ltr'><strong>puerorum,</strong></span> <span class='ocrx_word' id='word_1_59' title='bbox 1669 1115 2029 1189; x_wconf 85' lang='lat' dir='ltr'><strong>absconde</strong></span> <span class='ocrx_word' id='word_1_60' title='bbox 2057 1142 2322 1215; x_wconf 87' lang='lat' dir='ltr'><strong>pueros</strong></span> <span class='ocrx_word' id='word_1_61' title='bbox 2355 1118 2522 1189; x_wconf 82' lang='lat' dir='ltr'><strong>:de-</strong></span> 
     </span>
     <span class='ocr_line' id='line_1_9' title="bbox 386 1224 2514 1325; baseline -0.001 -24"><span class='ocrx_word' id='word_1_62' title='bbox 386 1229 604 1301; x_wconf 87' lang='lat' dir='ltr'><strong>fende</strong></span> <span class='ocrx_word' id='word_1_63' title='bbox 633 1257 649 1298; x_wconf 76' lang='grc' dir='ltr'><strong>ε</strong></span> <span class='ocrx_word' id='word_1_64' title='bbox 681 1226 793 1299; x_wconf 85' lang='lat' dir='ltr'><strong>fac</strong></span> <span class='ocrx_word' id='word_1_65' title='bbox 812 1280 831 1314; x_wconf 93' lang='lat'><strong>,</strong></span> <span class='ocrx_word' id='word_1_66' title='bbox 858 1241 939 1296; x_wconf 91' lang='lat' dir='ltr'><strong>ut</strong></span> <span class='ocrx_word' id='word_1_67' title='bbox 955 1224 1357 1297; x_wconf 87' lang='lat' dir='ltr'><strong>incolumes</strong></span> <span class='ocrx_word' id='word_1_68' title='bbox 1380 1226 1471 1296; x_wconf 89' lang='lat' dir='ltr'><strong>ad</strong></span> <span class='ocrx_word' id='word_1_69' title='bbox 1498 1225 2050 1298; x_wconf 82' lang='lat' dir='ltr'><strong>adolescentiam</strong></span> <span class='ocrx_word' id='word_1_70' title='bbox 2069 1238 2100 1287; x_wconf 90' lang='lat'><em>9</em></span> <span class='ocrx_word' id='word_1_71' title='bbox 2120 1227 2514 1325; x_wconf 80' lang='lat' dir='ltr'><strong>perducas!</strong></span> 
     </span>
     <span class='ocr_line' id='line_1_10' title="bbox 386 1337 2518 1436; baseline -0.001 -26"><span class='ocrx_word' id='word_1_72' title='bbox 386 1342 527 1411; x_wconf 82' lang='lat' dir='ltr'><strong>Vix</strong></span> <span class='ocrx_word' id='word_1_73' title='bbox 564 1338 719 1409; x_wconf 84' lang='lat' dir='ltr'><strong>haec</strong></span> <span class='ocrx_word' id='word_1_74' title='bbox 758 1337 1071 1422; x_wconf 85' lang='lat' dir='ltr'><strong>dixerat,</strong></span> <span class='ocrx_word' id='word_1_75' title='bbox 1116 1360 1347 1431; x_wconf 90' lang='lat' dir='ltr'><strong>quum</strong></span> <span class='ocrx_word' id='word_1_76' title='bbox 1370 1360 1538 1407; x_wconf 88' lang='lat' dir='ltr'><strong>ecce</strong></span> <span class='ocrx_word' id='word_1_77' title='bbox 1567 1338 1714 1413; x_wconf 76' lang='lat' dir='ltr'><strong>iste.</strong></span> <span class='ocrx_word' id='word_1_78' title='bbox 1728 1350 2090 1436; x_wconf 84' lang='lat' dir='ltr'><strong>praesto¹⁰‚</strong></span> <span class='ocrx_word' id='word_1_79' title='bbox 2115 1337 2371 1426; x_wconf 81' lang='lat' dir='ltr'><strong>SedeS‚</strong></span> <span class='ocrx_word' id='word_1_80' title='bbox 2407 1340 2518 1408; x_wconf 90' lang='lat' dir='ltr'><strong>in-</strong></span> 
     </span>
     <span class='ocr_line' id='line_1_11' title="bbox 390 1444 2521 1547; baseline 0 -29"><span class='ocrx_word' id='word_1_81' title='bbox 390 1452 585 1546; x_wconf 87' lang='lat' dir='ltr'><strong>quit,</strong></span> <span class='ocrx_word' id='word_1_82' title='bbox 634 1444 918 1517; x_wconf 78' lang='lat' dir='ltr'><strong>audax?</strong></span> <span class='ocrx_word' id='word_1_83' title='bbox 950 1446 1115 1515; x_wconf 89' lang='lat' dir='ltr'><strong>Non</strong></span> <span class='ocrx_word' id='word_1_84' title='bbox 1154 1469 1297 1513; x_wconf 84' lang='lat' dir='ltr'><strong>vox</strong></span> <span class='ocrx_word' id='word_1_85' title='bbox 1332 1470 1494 1515; x_wconf 84' lang='lat' dir='ltr'><strong>mea</strong></span> <span class='ocrx_word' id='word_1_86' title='bbox 1525 1445 1660 1517; x_wconf 86' lang='lat' dir='ltr'><strong>tibi</strong></span> <span class='ocrx_word' id='word_1_87' title='bbox 1691 1448 1906 1518; x_wconf 84' lang='lat' dir='ltr'><strong>vitam</strong></span> <span class='ocrx_word' id='word_1_88' title='bbox 1943 1446 2259 1519; x_wconf 78' lang='lat' dir='ltr'><strong>ademit?</strong></span> <span class='ocrx_word' id='word_1_89' title='bbox 2291 1448 2521 1547; x_wconf 83' lang='lat' dir='ltr'><strong>Exple</strong></span> 
     </span>
     <span class='ocr_line' id='line_1_12' title="bbox 376 1554 2508 1655; baseline -0.001 -26"><span class='ocrx_word' id='word_1_90' title='bbox 376 1558 793 1629; x_wconf 80' lang='lat' dir='ltr'><strong>inimicitias</strong></span> <span class='ocrx_word' id='word_1_91' title='bbox 829 1577 1062 1639; x_wconf 77' lang='lat' dir='ltr'><strong>meaS,</strong></span> <span class='ocrx_word' id='word_1_92' title='bbox 1102 1568 1175 1624; x_wconf 86' lang='lat' dir='ltr'><strong>et</strong></span> <span class='ocrx_word' id='word_1_93' title='bbox 1204 1554 1648 1626; x_wconf 84' lang='lat' dir='ltr'><strong>iracundiam</strong></span> <span class='ocrx_word' id='word_1_94' title='bbox 1687 1571 1928 1628; x_wconf 88' lang='lat' dir='ltr'><strong>satura</strong></span> <span class='ocrx_word' id='word_1_95' title='bbox 1959 1571 2092 1629; x_wconf 90' lang='lat' dir='ltr'><strong>tuo</strong></span> <span class='ocrx_word' id='word_1_96' title='bbox 2129 1556 2508 1655; x_wconf 81' lang='lat' dir='ltr'><strong>sanguine!</strong></span> 
     </span>
     <span class='ocr_line' id='line_1_13' title="bbox 388 1665 2520 1770; baseline 0 -32"><span class='ocrx_word' id='word_1_97' title='bbox 388 1668 517 1740; x_wconf 85' lang='lat' dir='ltr'><strong>Ille</strong></span> <span class='ocrx_word' id='word_1_98' title='bbox 554 1689 719 1738; x_wconf 90' lang='lat' dir='ltr'><strong>cum</strong></span> <span class='ocrx_word' id='word_1_99' title='bbox 748 1687 1013 1761; x_wconf 85' lang='lat' dir='ltr'><strong>magno</strong></span> <span class='ocrx_word' id='word_1_100' title='bbox 1038 1665 1328 1759; x_wconf 89' lang='lat' dir='ltr'><strong>spiritu,</strong></span> <span class='ocrx_word' id='word_1_101' title='bbox 1362 1665 1778 1770; x_wconf 79' lang='lat' dir='ltr'><strong>Metuebam</strong></span> <span class='ocrx_word' id='word_1_102' title='bbox 1799 1721 1818 1754; x_wconf 94' lang='lat'><strong>,</strong></span> <span class='ocrx_word' id='word_1_103' title='bbox 1859 1668 2100 1764; x_wconf 88' lang='lat' dir='ltr'><strong>inquit</strong></span> <span class='ocrx_word' id='word_1_104' title='bbox 2121 1722 2140 1754; x_wconf 94' lang='lat'><strong>,</strong></span> <span class='ocrx_word' id='word_1_105' title='bbox 2182 1692 2274 1738; x_wconf 89' lang='lat' dir='ltr'><strong>ne</strong></span> <span class='ocrx_word' id='word_1_106' title='bbox 2307 1667 2520 1765; x_wconf 85' lang='lat' dir='ltr'><strong>piane</strong></span> 
     </span>
     <span class='ocr_line' id='line_1_14' title="bbox 388 1775 2516 1871; baseline -0.001 -24"><span class='ocrx_word' id='word_1_107' title='bbox 388 1780 619 1849; x_wconf 85' lang='lat' dir='ltr'><strong>vietus</strong></span> <span class='ocrx_word' id='word_1_108' title='bbox 680 1781 1016 1849; x_wconf 87' lang='lat' dir='ltr'><strong>essem¹¹.</strong></span> <span class='ocrx_word' id='word_1_109' title='bbox 1086 1777 1298 1846; x_wconf 90' lang='lat' dir='ltr'><strong>Nune</strong></span> <span class='ocrx_word' id='word_1_110' title='bbox 1362 1775 1656 1846; x_wconf 79' lang='lat' dir='ltr'><strong>video¹²</strong></span> <span class='ocrx_word' id='word_1_111' title='bbox 1721 1802 1737 1844; x_wconf 77' lang='lat' dir='ltr'><strong>t</strong></span> <span class='ocrx_word' id='word_1_112' title='bbox 1790 1777 1865 1846; x_wconf 88' lang='lat' dir='ltr'><strong>in</strong></span> <span class='ocrx_word' id='word_1_113' title='bbox 1903 1776 2175 1871; x_wconf 89' lang='lat' dir='ltr'><strong>judicio</strong></span> <span class='ocrx_word' id='word_1_114' title='bbox 2233 1802 2516 1849; x_wconf 84' lang='lat' dir='ltr'><strong>mecum</strong></span> 
     </span>
     <span class='ocr_line' id='line_1_15' title="bbox 390 1884 2518 1984; baseline -0.002 -23"><span class='ocrx_word' id='word_1_115' title='bbox 390 1884 831 1961; x_wconf 85' lang='lat' dir='ltr'><strong>contendere</strong></span> <span class='ocrx_word' id='word_1_116' title='bbox 872 1909 1025 1955; x_wconf 89' lang='lat' dir='ltr'><strong>non</strong></span> <span class='ocrx_word' id='word_1_117' title='bbox 1082 1887 1225 1973; x_wconf 85' lang='lat' dir='ltr'><strong>vis,</strong></span> <span class='ocrx_word' id='word_1_118' title='bbox 1279 1884 1411 1955; x_wconf 90' lang='lat' dir='ltr'><strong>ubi</strong></span> <span class='ocrx_word' id='word_1_119' title='bbox 1456 1886 1786 1984; x_wconf 88' lang='lat' dir='ltr'><strong>superari</strong></span> <span class='ocrx_word' id='word_1_120' title='bbox 1841 1886 2330 1984; x_wconf 84' lang='lat' dir='ltr'><strong>turpissimum</strong></span> <span class='ocrx_word' id='word_1_121' title='bbox 2355 1941 2374 1973; x_wconf 93' lang='lat'><strong>,</strong></span> <span class='ocrx_word' id='word_1_122' title='bbox 2443 1902 2518 1957; x_wconf 89' lang='lat' dir='ltr'><strong>et</strong></span> 
     </span>
     <span class='ocr_line' id='line_1_16' title="bbox 390 1991 2516 2096; baseline -0.002 -25"><span class='ocrx_word' id='word_1_123' title='bbox 390 2020 731 2096; x_wconf 82' lang='lat' dir='ltr'><strong>superare</strong></span> <span class='ocrx_word' id='word_1_124' title='bbox 752 1991 812 2039; x_wconf 81' lang='lat'><strong>¹3</strong></span> <span class='ocrx_word' id='word_1_125' title='bbox 858 1993 1427 2093; x_wconf 88' lang='lat' dir='ltr'><strong>pulcherrimum</strong></span> <span class='ocrx_word' id='word_1_126' title='bbox 1460 2010 1613 2066; x_wconf 68' lang='lat' dir='ltr'><strong>est:</strong></span> <span class='ocrx_word' id='word_1_127' title='bbox 1657 1994 2054 2066; x_wconf 83' lang='lat' dir='ltr'><strong>interficere</strong></span> <span class='ocrx_word' id='word_1_128' title='bbox 2082 2020 2199 2065; x_wconf 90' lang='lat' dir='ltr'><strong>me</strong></span> <span class='ocrx_word' id='word_1_129' title='bbox 2227 1996 2352 2065; x_wconf 85' lang='lat' dir='ltr'><strong>vis.</strong></span> <span class='ocrx_word' id='word_1_130' title='bbox 2381 1999 2516 2066; x_wconf 87' lang='lat' dir='ltr'><strong>Oc-</strong></span> 
     </span>
     <span class='ocr_line' id='line_1_17' title="bbox 392 2104 2514 2204; baseline -0.001 -24"><span class='ocrx_word' id='word_1_131' title='bbox 392 2107 589 2181; x_wconf 87' lang='lat' dir='ltr'><strong>cidar</strong></span> <span class='ocrx_word' id='word_1_132' title='bbox 625 2104 963 2204; x_wconf 87' lang='lat' dir='ltr'><strong>equidem</strong></span> <span class='ocrx_word' id='word_1_133' title='bbox 988 2158 1007 2191; x_wconf 93' lang='lat'><strong>,</strong></span> <span class='ocrx_word' id='word_1_134' title='bbox 1050 2104 1175 2175; x_wconf 91' lang='lat' dir='ltr'><strong>sed</strong></span> <span class='ocrx_word' id='word_1_135' title='bbox 1228 2106 1459 2175; x_wconf 83' lang='lat' dir='ltr'><strong>victus</strong></span> <span class='ocrx_word' id='word_1_136' title='bbox 1505 2130 1653 2175; x_wconf 90' lang='lat' dir='ltr'><strong>non</strong></span> <span class='ocrx_word' id='word_1_137' title='bbox 1692 2104 1968 2204; x_wconf 87' lang='lat' dir='ltr'><strong>peribo.</strong></span> <span class='ocrx_word' id='word_1_138' title='bbox 2010 2109 2102 2175; x_wconf 82' lang='lat' dir='ltr'><strong>At</strong></span> <span class='ocrx_word' id='word_1_139' title='bbox 2139 2106 2388 2192; x_wconf 51' lang='lat' dir='ltr'><strong>istem,</strong></span> <span class='ocrx_word' id='word_1_140' title='bbox 2428 2112 2514 2177; x_wconf 91' lang='lat' dir='ltr'><strong>In</strong></span> 
     </span>
     <span class='ocr_line' id='line_1_18' title="bbox 391 2212 2516 2313; baseline -0.002 -23"><span class='ocrx_word' id='word_1_141' title='bbox 391 2232 717 2290; x_wconf 84' lang='lat' dir='ltr'><strong>extremo</strong></span> <span class='ocrx_word' id='word_1_142' title='bbox 757 2217 917 2285; x_wconf 82' lang='lat' dir='ltr'><strong>vitae</strong></span> <span class='ocrx_word' id='word_1_143' title='bbox 962 2228 1287 2312; x_wconf 87' lang='lat' dir='ltr'><strong>tempore</strong></span> <span class='ocrx_word' id='word_1_144' title='bbox 1326 2216 1540 2287; x_wconf 87' lang='lat' dir='ltr'><strong>etiam</strong></span> <span class='ocrx_word' id='word_1_145' title='bbox 1594 2220 2032 2288; x_wconf 89' lang='lat' dir='ltr'><strong>sententiose</strong></span> <span class='ocrx_word' id='word_1_146' title='bbox 2073 2212 2516 2313; x_wconf 79' lang='lat' dir='ltr'><strong>loqueris15?</strong></span> 
     </span>
    </p>
   </div>
   <div class='ocr_carea' id='block_1_3' title="bbox 384 2409 1403 2547">
    <p class='ocr_par' dir='ltr' id='par_1_3' title="bbox 384 2409 1403 2547">
     <span class='ocr_line' id='line_1_19' title="bbox 384 2409 1403 2478; baseline -0.005 -14"><span class='ocrx_word' id='word_1_147' title='bbox 384 2415 565 2464; x_wconf 73' lang='lat' dir='ltr'><strong>liberos</strong></span> <span class='ocrx_word' id='word_1_148' title='bbox 582 2411 863 2478; x_wconf 71' lang='lat' dir='ltr'><strong>parentibus</strong></span> <span class='ocrx_word' id='word_1_149' title='bbox 878 2412 1141 2476; x_wconf 69' lang='lat' dir='ltr'><strong>jungunt».</strong></span> <span class='ocrx_word' id='word_1_150' title='bbox 1154 2413 1217 2460; x_wconf 85' lang='lat' dir='ltr'><strong>Et</strong></span> <span class='ocrx_word' id='word_1_151' title='bbox 1230 2412 1304 2460; x_wconf 77' lang='lat' dir='ltr'><strong>sie</strong></span> <span class='ocrx_word' id='word_1_152' title='bbox 1322 2409 1403 2459; x_wconf 73' lang='lat' dir='ltr'><strong>alii</strong></span> 
     </span>
     <span class='ocr_line' id='line_1_20' title="bbox 386 2491 1017 2547; baseline -0.006 -4"><span class='ocrx_word' id='word_1_153' title='bbox 386 2497 439 2547; x_wconf 80' lang='lat' dir='ltr'><strong>iu</strong></span> <span class='ocrx_word' id='word_1_154' title='bbox 454 2494 601 2542; x_wconf 69' lang='lat' dir='ltr'><strong>simili</strong></span> <span class='ocrx_word' id='word_1_155' title='bbox 630 2491 866 2542; x_wconf 66' lang='lat' dir='ltr'><strong>oratioue,</strong></span> <span class='ocrx_word' id='word_1_156' title='bbox 886 2491 1017 2539; x_wconf 73' lang='lat' dir='ltr'><strong>Eut.</strong></span> 
     </span>
    </p>
   </div>
   <div class='ocr_carea' id='block_1_4' title="bbox 1493 2412 2514 2558">
    <p class='ocr_par' dir='ltr' id='par_1_4' title="bbox 1493 2412 2514 2558">
     <span class='ocr_line' id='line_1_21' title="bbox 1568 2412 2514 2479; baseline 0.001 -18"><span class='ocrx_word' id='word_1_157' title='bbox 1568 2426 1591 2461; x_wconf 86' lang='lat'>1</span> <span class='ocrx_word' id='word_1_158' title='bbox 1605 2428 1626 2461; x_wconf 83' lang='lat'>1</span> <span class='ocrx_word' id='word_1_159' title='bbox 1638 2447 1651 2460; x_wconf 89' lang='lat'><strong>.</strong></span> <span class='ocrx_word' id='word_1_160' title='bbox 1673 2413 1972 2474; x_wconf 71' lang='lat' dir='ltr'><strong>Meueeham,</strong></span> <span class='ocrx_word' id='word_1_161' title='bbox 1992 2412 2172 2479; x_wconf 79' lang='lat' dir='ltr'><strong>t&#39;nqm&#39;t,</strong></span> <span class='ocrx_word' id='word_1_162' title='bbox 2187 2430 2250 2462; x_wconf 82' lang='lat' dir='ltr'><strong>ne</strong></span> <span class='ocrx_word' id='word_1_163' title='bbox 2259 2414 2418 2478; x_wconf 82' lang='lat' dir='ltr'><strong>plane</strong></span> <span class='ocrx_word' id='word_1_164' title='bbox 2433 2414 2514 2462; x_wconf 81' lang='lat' dir='ltr'><strong>vi-</strong></span> 
     </span>
     <span class='ocr_line' id='line_1_22' title="bbox 1493 2493 2514 2558; baseline 0.004 -20"><span class='ocrx_word' id='word_1_165' title='bbox 1493 2501 1594 2538; x_wconf 78' lang='lat' dir='ltr'><strong>ctus</strong></span> <span class='ocrx_word' id='word_1_166' title='bbox 1615 2507 1776 2539; x_wconf 77' lang='lat' dir='ltr'><strong>essem.</strong></span> <span class='ocrx_word' id='word_1_167' title='bbox 1797 2493 1897 2541; x_wconf 70' lang='lat' dir='ltr'><strong>Pal.</strong></span> <span class='ocrx_word' id='word_1_168' title='bbox 1920 2503 2043 2541; x_wconf 73' lang='lat' dir='ltr'><strong>sext.</strong></span> <span class='ocrx_word' id='word_1_169' title='bbox 2065 2508 2164 2540; x_wconf 86' lang='lat' dir='ltr'><strong>non</strong></span> <span class='ocrx_word' id='word_1_170' title='bbox 2187 2494 2408 2558; x_wconf 71' lang='lat' dir='ltr'><strong>agnoscit</strong></span> <span class='ocrx_word' id='word_1_171' title='bbox 2426 2511 2514 2542; x_wconf 82' lang='lat' dir='ltr'><strong>vo·</strong></span> 
     </span>
    </p>
   </div>
   <div class='ocr_carea' id='block_1_5' title="bbox 386 2560 1405 3021">
    <p class='ocr_par' dir='ltr' id='par_1_5' title="bbox 388 2560 1405 2850">
     <span class='ocr_line' id='line_1_23' title="bbox 462 2560 1405 2626; baseline -0.003 -15"><span class='ocrx_word' id='word_1_172' title='bbox 462 2582 509 2626; x_wconf 77' lang='lat'><strong>7.</strong></span> <span class='ocrx_word' id='word_1_173' title='bbox 522 2565 680 2612; x_wconf 76' lang='lat' dir='ltr'><strong>Nosce</strong></span> <span class='ocrx_word' id='word_1_174' title='bbox 696 2574 745 2611; x_wconf 77' lang='lat' dir='ltr'><strong>te</strong></span> <span class='ocrx_word' id='word_1_175' title='bbox 762 2577 861 2612; x_wconf 75' lang='lat' dir='ltr'><strong>esse</strong></span> <span class='ocrx_word' id='word_1_176' title='bbox 882 2560 1141 2610; x_wconf 75' lang='lat' dir='ltr'><strong>homiuem.</strong></span> <span class='ocrx_word' id='word_1_177' title='bbox 1164 2563 1282 2610; x_wconf 68' lang='lat' dir='ltr'><strong>Hoec</strong></span> <span class='ocrx_word' id='word_1_178' title='bbox 1300 2577 1405 2610; x_wconf 88' lang='lat' dir='ltr'><strong>om·</strong></span> 
     </span>
     <span class='ocr_line' id='line_1_24' title="bbox 388 2639 1405 2708; baseline -0.003 -16"><span class='ocrx_word' id='word_1_179' title='bbox 388 2644 469 2692; x_wconf 72' lang='lat' dir='ltr'><strong>uin</strong></span> <span class='ocrx_word' id='word_1_180' title='bbox 490 2643 633 2708; x_wconf 68' lang='lat' dir='ltr'><strong>plane</strong></span> <span class='ocrx_word' id='word_1_181' title='bbox 647 2640 998 2704; x_wconf 72' lang='lat' dir='ltr'><strong>adolescenti⁸3</strong></span> <span class='ocrx_word' id='word_1_182' title='bbox 1014 2639 1137 2690; x_wconf 79' lang='lat' dir='ltr'><strong>nihil</strong></span> <span class='ocrx_word' id='word_1_183' title='bbox 1160 2640 1277 2701; x_wconf 78' lang='lat' dir='ltr'><strong>viri;</strong></span> <span class='ocrx_word' id='word_1_184' title='bbox 1300 2657 1405 2690; x_wconf 81' lang='lat' dir='ltr'><strong>om-</strong></span> 
     </span>
     <span class='ocr_line' id='line_1_25' title="bbox 390 2719 1405 2787; baseline -0.004 -17"><span class='ocrx_word' id='word_1_185' title='bbox 390 2723 469 2770; x_wconf 75' lang='lat' dir='ltr'><strong>nin</strong></span> <span class='ocrx_word' id='word_1_186' title='bbox 496 2722 738 2787; x_wconf 76' lang='lat' dir='ltr'><strong>vulgaria,</strong></span> <span class='ocrx_word' id='word_1_187' title='bbox 760 2719 1001 2770; x_wconf 68' lang='lat' dir='ltr'><strong>obsoleta.</strong></span> <span class='ocrx_word' id='word_1_188' title='bbox 1030 2722 1167 2767; x_wconf 72' lang='lat' dir='ltr'><strong>Mera</strong></span> <span class='ocrx_word' id='word_1_189' title='bbox 1196 2719 1405 2784; x_wconf 85' lang='lat' dir='ltr'><strong>denique</strong></span> 
     </span>
     <span class='ocr_line' id='line_1_26' title="bbox 388 2801 1293 2850; baseline 0 -1"><span class='ocrx_word' id='word_1_190' title='bbox 388 2801 696 2850; x_wconf 69' lang='lat' dir='ltr'><strong>declamatio.</strong></span> <span class='ocrx_word' id='word_1_191' title='bbox 1288 2845 1293 2849; x_wconf 88' lang='lat'>.</span> 
     </span>
    </p>

    <p class='ocr_par' dir='ltr' id='par_1_6' title="bbox 386 2879 1403 3021">
     <span class='ocr_line' id='line_1_27' title="bbox 460 2879 1401 2946; baseline -0.01 -14"><span class='ocrx_word' id='word_1_192' title='bbox 460 2885 511 2932; x_wconf 73' lang='lat'><strong>⁸.</strong></span> <span class='ocrx_word' id='word_1_193' title='bbox 544 2881 808 2946; x_wconf 76' lang='lat' dir='ltr'><strong>Pediseque</strong></span> <span class='ocrx_word' id='word_1_194' title='bbox 826 2894 1105 2944; x_wconf 73' lang='lat' dir='ltr'><strong>puerorum.</strong></span> <span class='ocrx_word' id='word_1_195' title='bbox 1146 2879 1259 2926; x_wconf 75' lang='lat' dir='ltr'><strong>‘Hoc</strong></span> <span class='ocrx_word' id='word_1_196' title='bbox 1284 2893 1401 2941; x_wconf 80' lang='lat' dir='ltr'><strong>spu-</strong></span> 
     </span>
     <span class='ocr_line' id='line_1_28' title="bbox 386 2951 1403 3021; baseline -0.005 -12"><span class='ocrx_word' id='word_1_197' title='bbox 386 2963 511 3010; x_wconf 81' lang='lat' dir='ltr'><strong>rium</strong></span> <span class='ocrx_word' id='word_1_198' title='bbox 549 2959 745 3008; x_wconf 80' lang='lat' dir='ltr'><strong>videtur</strong></span> <span class='ocrx_word' id='word_1_199' title='bbox 788 2969 839 3007; x_wconf 89' lang='lat' dir='ltr'><strong>et</strong></span> <span class='ocrx_word' id='word_1_200' title='bbox 887 2975 949 3006; x_wconf 84' lang='lat' dir='ltr'><strong>ex</strong></span> <span class='ocrx_word' id='word_1_201' title='bbox 1006 2951 1403 3021; x_wconf 61' lang='lat' dir='ltr'><strong>interpretatione</strong></span> 
     </span>
    </p>
   </div>
   <div class='ocr_carea' id='block_1_6' title="bbox 388 3051 1402 3184">
    <p class='ocr_par' dir='ltr' id='par_1_7' title="bbox 388 3051 1402 3184">
     <span class='ocr_line' id='line_1_29' title="bbox 452 3051 574 3087; baseline 0 0"><span class='ocrx_word' id='word_1_202' title='bbox 452 3051 471 3087; x_wconf 90' lang='lat' dir='ltr'><strong>t</strong></span> <span class='ocrx_word' id='word_1_203' title='bbox 506 3057 574 3087; x_wconf 82' lang='grc' dir='ltr'><strong>ΙΙΙ.</strong></span> 
     </span>
     <span class='ocr_line' id='line_1_30' title="bbox 388 3057 1402 3184; baseline -0.003 -19"><span class='ocrx_word' id='word_1_204' title='bbox 388 3057 508 3184; x_wconf 64' lang='lat' dir='ltr'><strong>m9u.</strong></span> <span class='ocrx_word' id='word_1_205' title='bbox 540 3121 604 3164; x_wconf 80' lang='lat' dir='ltr'><strong>Ue</strong></span> <span class='ocrx_word' id='word_1_206' title='bbox 646 3115 913 3166; x_wconf 71' lang='lat' dir='ltr'><strong>incolumes</strong></span> <span class='ocrx_word' id='word_1_207' title='bbox 936 3115 1009 3164; x_wconf 76' lang='lat' dir='ltr'><strong>ad</strong></span> <span class='ocrx_word' id='word_1_208' title='bbox 1031 3113 1402 3162; x_wconf 76' lang='lat' dir='ltr'><strong>adolescentiam</strong></span> 
     </span>
    </p>
   </div>
   <div class='ocr_carea' id='block_1_7' title="bbox 376 3193 1405 4132">
    <p class='ocr_par' dir='ltr' id='par_1_8' title="bbox 378 3193 1405 3336">
     <span class='ocr_line' id='line_1_31' title="bbox 378 3193 1405 3264; baseline -0.004 -18"><span class='ocrx_word' id='word_1_209' title='bbox 378 3199 635 3264; x_wconf 80' lang='lat' dir='ltr'><strong>perducas.</strong></span> <span class='ocrx_word' id='word_1_210' title='bbox 653 3198 699 3242; x_wconf 89' lang='lat' dir='ltr'><strong><em>U</em></strong></span> <span class='ocrx_word' id='word_1_211' title='bbox 696 3207 715 3242; x_wconf 80' lang='lat' dir='ltr'><strong>t</strong></span> <span class='ocrx_word' id='word_1_212' title='bbox 726 3196 746 3242; x_wconf 84' lang='grc' dir='ltr'><em>ἱ</em></span> <span class='ocrx_word' id='word_1_213' title='bbox 748 3212 777 3242; x_wconf 82' lang='grc' dir='ltr'><em>η</em></span> <span class='ocrx_word' id='word_1_214' title='bbox 782 3193 982 3242; x_wconf 77' lang='lat' dir='ltr'><strong>colume&#39;s</strong></span> <span class='ocrx_word' id='word_1_215' title='bbox 994 3193 1057 3241; x_wconf 78' lang='lat' dir='ltr'><strong>sie</strong></span> <span class='ocrx_word' id='word_1_216' title='bbox 1072 3193 1405 3242; x_wconf 72' lang='lat' dir='ltr'><strong>adolescentia</strong></span> 
     </span>
     <span class='ocr_line' id='line_1_32' title="bbox 387 3275 807 3336; baseline -0.017 -9"><span class='ocrx_word' id='word_1_217' title='bbox 387 3278 465 3326; x_wconf 89' lang='lat' dir='ltr'><strong>ed.</strong></span> <span class='ocrx_word' id='word_1_218' title='bbox 494 3275 629 3324; x_wconf 80' lang='lat' dir='ltr'><strong>Med.</strong></span> <span class='ocrx_word' id='word_1_219' title='bbox 657 3275 807 3336; x_wconf 65' lang='lat'><strong>¹⁴9⁸·</strong></span> 
     </span>
    </p>

    <p class='ocr_par' dir='ltr' id='par_1_9' title="bbox 376 3351 1400 4132">
     <span class='ocr_line' id='line_1_33' title="bbox 466 3351 1400 3418; baseline -0.001 -17"><span class='ocrx_word' id='word_1_220' title='bbox 466 3371 547 3402; x_wconf 79' lang='lat' dir='ltr'><strong>xo.</strong></span> <span class='ocrx_word' id='word_1_221' title='bbox 572 3356 730 3418; x_wconf 80' lang='lat' dir='ltr'><strong>Quum</strong></span> <span class='ocrx_word' id='word_1_222' title='bbox 754 3367 865 3399; x_wconf 81' lang='lat' dir='ltr'><strong>eece</strong></span> <span class='ocrx_word' id='word_1_223' title='bbox 876 3351 965 3398; x_wconf 76' lang='lat' dir='ltr'><strong>iste</strong></span> <span class='ocrx_word' id='word_1_224' title='bbox 982 3363 1163 3412; x_wconf 72' lang='grc' dir='ltr'><em>μηωιο</em></span> <span class='ocrx_word' id='word_1_225' title='bbox 1183 3388 1198 3412; x_wconf 82' lang='lat'><strong>,</strong></span> <span class='ocrx_word' id='word_1_226' title='bbox 1228 3353 1400 3406; x_wconf 78' lang='lat' dir='ltr'><strong>Sedes,</strong></span> 
     </span>
     <span class='ocr_line' id='line_1_34' title="bbox 386 3429 1397 3498; baseline -0.002 -16"><span class='ocrx_word' id='word_1_227' title='bbox 386 3433 573 3498; x_wconf 77' lang='lat' dir='ltr'><strong>inquit,</strong></span> <span class='ocrx_word' id='word_1_228' title='bbox 599 3431 775 3479; x_wconf 70' lang='lat' dir='ltr'><strong>audax</strong></span> <span class='ocrx_word' id='word_1_229' title='bbox 791 3435 819 3478; x_wconf 71' lang='grc' dir='ltr'><strong>,ν’</strong></span> <span class='ocrx_word' id='word_1_230' title='bbox 865 3429 1003 3478; x_wconf 81' lang='lat' dir='ltr'><strong>Nihil</strong></span> <span class='ocrx_word' id='word_1_231' title='bbox 1046 3431 1233 3478; x_wconf 68' lang='lat' dir='ltr'><strong>variant</strong></span> <span class='ocrx_word' id='word_1_232' title='bbox 1276 3432 1397 3482; x_wconf 81' lang='lat' dir='ltr'><strong>Pau.</strong></span> 
     </span>
     <span class='ocr_line' id='line_1_35' title="bbox 384 3508 1400 3575; baseline -0.001 -14"><span class='ocrx_word' id='word_1_233' title='bbox 384 3515 477 3561; x_wconf 73' lang='lat' dir='ltr'><strong>uisi</strong></span> <span class='ocrx_word' id='word_1_234' title='bbox 512 3509 649 3575; x_wconf 88' lang='lat' dir='ltr'><strong>quod</strong></span> <span class='ocrx_word' id='word_1_235' title='bbox 690 3509 861 3558; x_wconf 69' lang='lat' dir='ltr'><strong>tertius</strong></span> <span class='ocrx_word' id='word_1_236' title='bbox 896 3508 1034 3558; x_wconf 76' lang='lat' dir='ltr'><strong>addit</strong></span> <span class='ocrx_word' id='word_1_237' title='bbox 1065 3510 1213 3557; x_wconf 73' lang='lat' dir='ltr'><strong>etiam</strong></span> <span class='ocrx_word' id='word_1_238' title='bbox 1246 3511 1400 3560; x_wconf 77' lang='lat' dir='ltr'><strong>sedes.</strong></span> 
     </span>
     <span class='ocr_line' id='line_1_36' title="bbox 384 3589 1400 3656; baseline -0.001 -16"><span class='ocrx_word' id='word_1_239' title='bbox 384 3593 599 3656; x_wconf 72' lang='lat' dir='ltr'><strong>Quintus</strong></span> <span class='ocrx_word' id='word_1_240' title='bbox 636 3605 752 3637; x_wconf 81' lang='lat' dir='ltr'><strong>vero</strong></span> <span class='ocrx_word' id='word_1_241' title='bbox 795 3589 1073 3639; x_wconf 70' lang='lat' dir='ltr'><strong>destituitur</strong></span> <span class='ocrx_word' id='word_1_242' title='bbox 1113 3589 1198 3638; x_wconf 89' lang='lat' dir='ltr'><strong>illo</strong></span> <span class='ocrx_word' id='word_1_243' title='bbox 1248 3590 1400 3639; x_wconf 82' lang='lat' dir='ltr'><strong>sedes.</strong></span> 
     </span>
     <span class='ocr_line' id='line_1_37' title="bbox 383 3668 1399 3736; baseline -0.003 -15"><span class='ocrx_word' id='word_1_244' title='bbox 383 3672 480 3721; x_wconf 86' lang='lat' dir='ltr'><strong>Sed</strong></span> <span class='ocrx_word' id='word_1_245' title='bbox 496 3672 625 3720; x_wconf 89' lang='lat' dir='ltr'><strong>euim</strong></span> <span class='ocrx_word' id='word_1_246' title='bbox 646 3685 746 3718; x_wconf 86' lang='lat' dir='ltr'><strong>nou</strong></span> <span class='ocrx_word' id='word_1_247' title='bbox 768 3668 991 3736; x_wconf 72' lang='lat' dir='ltr'><strong>displicet</strong></span> <span class='ocrx_word' id='word_1_248' title='bbox 1022 3669 1157 3732; x_wconf 86' lang='lat' dir='ltr'><strong>quod</strong></span> <span class='ocrx_word' id='word_1_249' title='bbox 1184 3681 1329 3718; x_wconf 73' lang='lat' dir='ltr'><strong>restat</strong></span> <span class='ocrx_word' id='word_1_250' title='bbox 1348 3671 1399 3718; x_wconf 88' lang='lat' dir='ltr'><strong>iu</strong></span> 
     </span>
     <span class='ocr_line' id='line_1_38' title="bbox 384 3749 1398 3812; baseline -0.004 -12"><span class='ocrx_word' id='word_1_251' title='bbox 384 3751 615 3800; x_wconf 77' lang='lat' dir='ltr'><strong>Liliensi:</strong></span> <span class='ocrx_word' id='word_1_252' title='bbox 651 3751 857 3812; x_wconf 75' lang='lat' dir='ltr'><strong>«Quum</strong></span> <span class='ocrx_word' id='word_1_253' title='bbox 896 3765 1039 3806; x_wconf 86' lang='lat' dir='ltr'><strong>eece,</strong></span> <span class='ocrx_word' id='word_1_254' title='bbox 1076 3749 1237 3812; x_wconf 86' lang='lat' dir='ltr'><strong>inquit</strong></span> <span class='ocrx_word' id='word_1_255' title='bbox 1278 3751 1398 3810; x_wconf 78' lang='lat' dir='ltr'><strong>iste,</strong></span> 
     </span>
     <span class='ocr_line' id='line_1_39' title="bbox 382 3827 1395 3895; baseline -0.001 -18"><span class='ocrx_word' id='word_1_256' title='bbox 382 3842 564 3895; x_wconf 69' lang='lat' dir='ltr'><strong>praesto</strong></span> <span class='ocrx_word' id='word_1_257' title='bbox 584 3845 711 3879; x_wconf 77' lang='lat' dir='ltr'><strong>eum.</strong></span> <span class='ocrx_word' id='word_1_258' title='bbox 727 3827 823 3876; x_wconf 85' lang='lat' dir='ltr'><strong>Sed</strong></span> <span class='ocrx_word' id='word_1_259' title='bbox 840 3829 881 3876; x_wconf 73' lang='lat' dir='ltr'><strong>is</strong></span> <span class='ocrx_word' id='word_1_260' title='bbox 898 3829 964 3874; x_wconf 78' lang='lat' dir='ltr'><strong>ait</strong></span> <span class='ocrx_word' id='word_1_261' title='bbox 976 3862 991 3884; x_wconf 97' lang='lat'><strong>,</strong></span> <span class='ocrx_word' id='word_1_262' title='bbox 1003 3827 1163 3876; x_wconf 71' lang='lat' dir='ltr'><strong>audax</strong></span> <span class='ocrx_word' id='word_1_263' title='bbox 1174 3849 1213 3876; x_wconf 75' lang='grc' dir='ltr'><strong>ιο.</strong></span> <span class='ocrx_word' id='word_1_264' title='bbox 1230 3831 1395 3877; x_wconf 71' lang='lat' dir='ltr'><strong>Gunr.</strong></span> 
     </span>
     <span class='ocr_line' id='line_1_40' title="bbox 382 3905 1397 3972; baseline 0.001 -18"><span class='ocrx_word' id='word_1_265' title='bbox 382 3937 450 3948; x_wconf 89' lang='lat'><strong>--</strong></span> <span class='ocrx_word' id='word_1_266' title='bbox 474 3909 629 3958; x_wconf 78' lang='lat' dir='ltr'><strong>Valde</strong></span> <span class='ocrx_word' id='word_1_267' title='bbox 648 3909 821 3972; x_wconf 73' lang='lat' dir='ltr'><strong>plecet&#39;</strong></span> <span class='ocrx_word' id='word_1_268' title='bbox 837 3907 983 3956; x_wconf 84' lang='lat' dir='ltr'><strong>lectio</strong></span> <span class='ocrx_word' id='word_1_269' title='bbox 1012 3905 1099 3955; x_wconf 82' lang='lat' dir='ltr'><strong>Ms</strong></span> <span class='ocrx_word' id='word_1_270' title='bbox 1126 3907 1227 3955; x_wconf 76' lang='lat' dir='ltr'><strong>Erf.</strong></span> <span class='ocrx_word' id='word_1_271' title='bbox 1246 3907 1397 3955; x_wconf 79' lang='lat' dir='ltr'><strong>etiam</strong></span> 
     </span>
     <span class='ocr_line' id='line_1_41' title="bbox 380 3985 1393 4052; baseline -0.002 -16"><span class='ocrx_word' id='word_1_272' title='bbox 380 3988 534 4036; x_wconf 64' lang='lat' dir='ltr'><strong>sedes.</strong></span> <span class='ocrx_word' id='word_1_273' title='bbox 570 3990 704 4052; x_wconf 70' lang='lat' dir='ltr'><strong>Eun.</strong></span> <span class='ocrx_word' id='word_1_274' title='bbox 726 4013 793 4023; x_wconf 93' lang='lat'><strong>—-</strong></span> <span class='ocrx_word' id='word_1_275' title='bbox 813 3989 967 4050; x_wconf 69' lang='lat' dir='ltr'><strong>Quam</strong></span> <span class='ocrx_word' id='word_1_276' title='bbox 992 3985 1249 4034; x_wconf 79' lang='lat' dir='ltr'><strong>lectionem</strong></span> <span class='ocrx_word' id='word_1_277' title='bbox 1278 3987 1393 4034; x_wconf 83' lang='lat' dir='ltr'><strong>Sch.</strong></span> 
     </span>
     <span class='ocr_line' id='line_1_42' title="bbox 376 4065 1111 4132; baseline -0.005 -18"><span class='ocrx_word' id='word_1_278' title='bbox 376 4067 609 4132; x_wconf 80' lang='lat' dir='ltr'><strong>protulit,</strong></span> <span class='ocrx_word' id='word_1_279' title='bbox 634 4066 875 4130; x_wconf 74' lang='lat' dir='ltr'><strong>probante</strong></span> <span class='ocrx_word' id='word_1_280' title='bbox 890 4066 941 4112; x_wconf 89' lang='lat' dir='ltr'><strong>J.</strong></span> <span class='ocrx_word' id='word_1_281' title='bbox 964 4067 1027 4112; x_wconf 83' lang='lat' dir='ltr'><strong>V.</strong></span> <span class='ocrx_word' id='word_1_282' title='bbox 1061 4065 1111 4110; x_wconf 86' lang='lat' dir='ltr'><strong>L.</strong></span> 
     </span>
    </p>
   </div>
   <div class='ocr_carea' id='block_1_8' title="bbox 1491 2571 2513 2871">
    <p class='ocr_par' dir='ltr' id='par_1_10' title="bbox 1491 2571 2513 2871">
     <span class='ocr_line' id='line_1_43' title="bbox 1493 2571 2513 2637; baseline 0.005 -20"><span class='ocrx_word' id='word_1_283' title='bbox 1493 2585 1598 2617; x_wconf 77' lang='lat' dir='ltr'><strong>cem</strong></span> <span class='ocrx_word' id='word_1_284' title='bbox 1625 2571 1919 2629; x_wconf 76' lang='lat' dir='ltr'><strong>metuebam,</strong></span> <span class='ocrx_word' id='word_1_285' title='bbox 1945 2571 2187 2636; x_wconf 81' lang='lat' dir='ltr'><strong>habetque</strong></span> <span class='ocrx_word' id='word_1_286' title='bbox 2209 2583 2354 2630; x_wconf 76' lang='lat' dir='ltr'><strong>essee,</strong></span> <span class='ocrx_word' id='word_1_287' title='bbox 2376 2575 2513 2637; x_wconf 83' lang='lat' dir='ltr'><strong>quod</strong></span> 
     </span>
     <span class='ocr_line' id='line_1_44' title="bbox 1494 2649 2512 2716; baseline 0.007 -22"><span class='ocrx_word' id='word_1_288' title='bbox 1494 2649 1718 2696; x_wconf 76' lang='lat' dir='ltr'><strong>ultimum</strong></span> <span class='ocrx_word' id='word_1_289' title='bbox 1745 2651 1890 2696; x_wconf 75' lang='lat' dir='ltr'><strong>etiam</strong></span> <span class='ocrx_word' id='word_1_290' title='bbox 1915 2651 1970 2697; x_wconf 82' lang='lat' dir='ltr'><strong>in</strong></span> <span class='ocrx_word' id='word_1_291' title='bbox 1996 2663 2198 2716; x_wconf 77' lang='lat' dir='ltr'><strong>quarto,</strong></span> <span class='ocrx_word' id='word_1_292' title='bbox 2225 2651 2312 2698; x_wconf 68' lang='lat' dir='ltr'><strong>ned</strong></span> <span class='ocrx_word' id='word_1_293' title='bbox 2335 2653 2376 2699; x_wconf 77' lang='lat' dir='ltr'><strong>ie</strong></span> <span class='ocrx_word' id='word_1_294' title='bbox 2401 2651 2512 2702; x_wconf 80' lang='lat' dir='ltr'><strong>loro</strong></span> 
     </span>
     <span class='ocr_line' id='line_1_45' title="bbox 1491 2725 2512 2793; baseline 0.005 -19"><span class='ocrx_word' id='word_1_295' title='bbox 1491 2725 1692 2774; x_wconf 72' lang='lat' dir='ltr'><strong>alterius</strong></span> <span class='ocrx_word' id='word_1_296' title='bbox 1718 2730 1853 2775; x_wconf 76' lang='lat' dir='ltr'><strong>vocis</strong></span> <span class='ocrx_word' id='word_1_297' title='bbox 1894 2729 2092 2793; x_wconf 73' lang='lat' dir='ltr'><strong>praefert</strong></span> <span class='ocrx_word' id='word_1_298' title='bbox 2117 2731 2273 2778; x_wconf 79' lang='lat' dir='ltr'><strong>verba</strong></span> <span class='ocrx_word' id='word_1_299' title='bbox 2297 2749 2316 2777; x_wconf 93' lang='lat'><strong>.·</strong></span> <span class='ocrx_word' id='word_1_300' title='bbox 2335 2733 2512 2791; x_wconf 84' lang='lat' dir='ltr'><strong>ceteri,</strong></span> 
     </span>
     <span class='ocr_line' id='line_1_46' title="bbox 1493 2807 2512 2871; baseline 0.006 -19"><span class='ocrx_word' id='word_1_301' title='bbox 1493 2815 1682 2853; x_wconf 86' lang='lat' dir='ltr'><strong>retento</strong></span> <span class='ocrx_word' id='word_1_302' title='bbox 1699 2807 1966 2856; x_wconf 74' lang='lat' dir='ltr'><strong>metuebam</strong></span> <span class='ocrx_word' id='word_1_303' title='bbox 1985 2844 1998 2867; x_wconf 90' lang='lat'><strong><em>‚</em></strong></span> <span class='ocrx_word' id='word_1_304' title='bbox 2020 2809 2320 2871; x_wconf 62' lang='lat' dir='ltr'><strong>premittunt</strong></span> <span class='ocrx_word' id='word_1_305' title='bbox 2336 2811 2512 2868; x_wconf 68' lang='lat' dir='ltr'><strong>verba,</strong></span> 
     </span>
    </p>
   </div>
   <div class='ocr_carea' id='block_1_9' title="bbox 1490 2883 2622 2950">
    <p class='ocr_par' dir='ltr' id='par_1_11' title="bbox 1490 2883 2622 2950">
     <span class='ocr_line' id='line_1_47' title="bbox 1490 2883 2622 2950; baseline 0.007 -20"><span class='ocrx_word' id='word_1_306' title='bbox 1490 2883 1689 2948; x_wconf 75' lang='lat' dir='ltr'><strong>quidam</strong></span> <span class='ocrx_word' id='word_1_307' title='bbox 1715 2888 1858 2933; x_wconf 80' lang='lat' dir='ltr'><strong>etiam</strong></span> <span class='ocrx_word' id='word_1_308' title='bbox 1879 2887 2120 2948; x_wconf 75' lang='lat' dir='ltr'><strong>adjiciunt</strong></span> <span class='ocrx_word' id='word_1_309' title='bbox 2154 2888 2231 2936; x_wconf 82' lang='lat' dir='ltr'><strong>vel</strong></span> <span class='ocrx_word' id='word_1_310' title='bbox 2258 2889 2476 2937; x_wconf 74' lang='lat' dir='ltr'><strong>emittens</strong></span> <span class='ocrx_word' id='word_1_311' title='bbox 2494 2924 2510 2950; x_wconf 84' lang='lat'><strong>,</strong></span> <span class='ocrx_word' id='word_1_312' title='bbox 2613 2909 2622 2917; x_wconf 87' lang='lat'><strong>·</strong></span> 
     </span>
    </p>
   </div>
   <div class='ocr_carea' id='block_1_10' title="bbox 1484 2962 2560 4136">
    <p class='ocr_par' dir='ltr' id='par_1_12' title="bbox 1490 2962 1924 3014">
     <span class='ocr_line' id='line_1_48' title="bbox 1490 2962 1924 3014; baseline 0.012 -6"><span class='ocrx_word' id='word_1_313' title='bbox 1490 2962 1567 3010; x_wconf 79' lang='lat' dir='ltr'><strong>vel</strong></span> <span class='ocrx_word' id='word_1_314' title='bbox 1585 2962 1735 3013; x_wconf 79' lang='lat' dir='ltr'><strong>dedit.</strong></span> <span class='ocrx_word' id='word_1_315' title='bbox 1756 2965 1924 3014; x_wconf 69' lang='grc' dir='ltr'><strong>διο-ι’.</strong></span> 
     </span>
    </p>

    <p class='ocr_par' dir='ltr' id='par_1_13' title="bbox 1493 3045 2510 3266">
     <span class='ocr_line' id='line_1_49' title="bbox 1572 3045 2508 3111; baseline 0.009 -23"><span class='ocrx_word' id='word_1_316' title='bbox 1572 3057 1650 3090; x_wconf 74' lang='lat'><strong>12.</strong></span> <span class='ocrx_word' id='word_1_317' title='bbox 1679 3045 1826 3092; x_wconf 78' lang='lat' dir='ltr'><strong>Nunc</strong></span> <span class='ocrx_word' id='word_1_318' title='bbox 1845 3045 2026 3093; x_wconf 75' lang='lat' dir='ltr'><strong>video:</strong></span> <span class='ocrx_word' id='word_1_319' title='bbox 2051 3045 2102 3092; x_wconf 73' lang='lat' dir='ltr'><strong>in</strong></span> <span class='ocrx_word' id='word_1_320' title='bbox 2119 3046 2232 3111; x_wconf 74' lang='lat' dir='ltr'><strong>jud.</strong></span> <span class='ocrx_word' id='word_1_321' title='bbox 2259 3049 2338 3096; x_wconf 79' lang='lat' dir='ltr'><strong>sic</strong></span> <span class='ocrx_word' id='word_1_322' title='bbox 2359 3049 2508 3096; x_wconf 85' lang='lat' dir='ltr'><strong>iuter·</strong></span> 
     </span>
     <span class='ocr_line' id='line_1_50' title="bbox 1496 3121 2510 3191; baseline 0.008 -24"><span class='ocrx_word' id='word_1_323' title='bbox 1496 3121 1644 3184; x_wconf 79' lang='lat' dir='ltr'><strong>pungi</strong></span> <span class='ocrx_word' id='word_1_324' title='bbox 1671 3121 1817 3169; x_wconf 85' lang='lat' dir='ltr'><strong>debet</strong></span> <span class='ocrx_word' id='word_1_325' title='bbox 1838 3137 1852 3170; x_wconf 93' lang='lat'><strong>:</strong></span> <span class='ocrx_word' id='word_1_326' title='bbox 1871 3140 1976 3171; x_wconf 87' lang='lat' dir='ltr'><strong>nou</strong></span> <span class='ocrx_word' id='word_1_327' title='bbox 1993 3126 2120 3172; x_wconf 86' lang='lat' dir='ltr'><strong>enim</strong></span> <span class='ocrx_word' id='word_1_328' title='bbox 2139 3125 2262 3175; x_wconf 85' lang='lat' dir='ltr'><strong>illud</strong></span> <span class='ocrx_word' id='word_1_329' title='bbox 2281 3129 2510 3191; x_wconf 82' lang='lat' dir='ltr'><strong>conjungi</strong></span> 
     </span>
     <span class='ocr_line' id='line_1_51' title="bbox 1493 3195 2296 3266; baseline 0.007 -19"><span class='ocrx_word' id='word_1_330' title='bbox 1493 3211 1656 3264; x_wconf 78' lang='lat' dir='ltr'><strong>potest</strong></span> <span class='ocrx_word' id='word_1_331' title='bbox 1683 3216 1792 3247; x_wconf 85' lang='lat' dir='ltr'><strong>cum</strong></span> <span class='ocrx_word' id='word_1_332' title='bbox 1817 3202 2146 3266; x_wconf 72' lang='lat' dir='ltr'><strong>sequentibus.</strong></span> <span class='ocrx_word' id='word_1_333' title='bbox 2171 3195 2296 3253; x_wconf 62' lang='lat' dir='ltr'><strong>Eun.</strong></span> 
     </span>
    </p>

    <p class='ocr_par' dir='ltr' id='par_1_14' title="bbox 1490 3279 2509 3420">
     <span class='ocr_line' id='line_1_52' title="bbox 1573 3279 2509 3344; baseline 0.01 -19"><span class='ocrx_word' id='word_1_334' title='bbox 1573 3281 1650 3326; x_wconf 79' lang='lat'><strong>13.</strong></span> <span class='ocrx_word' id='word_1_335' title='bbox 1671 3281 1738 3325; x_wconf 69' lang='lat' dir='ltr'><strong>lie</strong></span> <span class='ocrx_word' id='word_1_336' title='bbox 1759 3297 2010 3344; x_wconf 77' lang='lat' dir='ltr'><strong>superare.</strong></span> <span class='ocrx_word' id='word_1_337' title='bbox 2035 3279 2187 3332; x_wconf 73' lang='lat' dir='ltr'><strong>Abest</strong></span> <span class='ocrx_word' id='word_1_338' title='bbox 2219 3294 2270 3330; x_wconf 80' lang='lat' dir='ltr'><strong>et</strong></span> <span class='ocrx_word' id='word_1_339' title='bbox 2301 3285 2364 3332; x_wconf 74' lang='lat' dir='ltr'><strong>ab</strong></span> <span class='ocrx_word' id='word_1_340' title='bbox 2390 3286 2509 3335; x_wconf 83' lang='lat' dir='ltr'><strong>edit.</strong></span> 
     </span>
     <span class='ocr_line' id='line_1_53' title="bbox 1490 3357 1822 3420; baseline 0.006 -14"><span class='ocrx_word' id='word_1_341' title='bbox 1490 3357 1628 3406; x_wconf 84' lang='lat' dir='ltr'><strong>Med.</strong></span> <span class='ocrx_word' id='word_1_342' title='bbox 1665 3361 1822 3420; x_wconf 67' lang='lat'><strong>1498.</strong></span> 
     </span>
    </p>

    <p class='ocr_par' dir='ltr' id='par_1_15' title="bbox 1489 3439 2512 3806">
     <span class='ocr_line' id='line_1_54' title="bbox 1572 3439 2512 3505; baseline 0.006 -21"><span class='ocrx_word' id='word_1_343' title='bbox 1572 3446 1650 3492; x_wconf 68' lang='lat'><strong>14.</strong></span> <span class='ocrx_word' id='word_1_344' title='bbox 1675 3441 1744 3484; x_wconf 80' lang='lat' dir='ltr'><strong>Ae</strong></span> <span class='ocrx_word' id='word_1_345' title='bbox 1768 3439 1871 3487; x_wconf 74' lang='lat' dir='ltr'><strong>iste.</strong></span> <span class='ocrx_word' id='word_1_346' title='bbox 1915 3441 2118 3488; x_wconf 81' lang='lat' dir='ltr'><strong>Con-exi</strong></span> <span class='ocrx_word' id='word_1_347' title='bbox 2147 3441 2234 3488; x_wconf 78' lang='lat' dir='ltr'><strong>iste</strong></span> <span class='ocrx_word' id='word_1_348' title='bbox 2273 3458 2364 3505; x_wconf 88' lang='lat' dir='ltr'><strong>pro</strong></span> <span class='ocrx_word' id='word_1_349' title='bbox 2387 3442 2470 3490; x_wconf 77' lang='lat' dir='ltr'><strong>ille</strong></span> <span class='ocrx_word' id='word_1_350' title='bbox 2492 3460 2512 3490; x_wconf 91' lang='grc'><strong>.·</strong></span> 
     </span>
     <span class='ocr_line' id='line_1_55' title="bbox 1489 3518 2511 3570; baseline 0.006 -7"><span class='ocrx_word' id='word_1_351' title='bbox 1489 3532 1602 3564; x_wconf 77' lang='lat' dir='ltr'><strong>nam</strong></span> <span class='ocrx_word' id='word_1_352' title='bbox 1619 3518 1690 3566; x_wconf 74' lang='lat' dir='ltr'><strong>sic</strong></span> <span class='ocrx_word' id='word_1_353' title='bbox 1705 3519 2036 3567; x_wconf 75' lang='lat' dir='ltr'><strong>antecedentia</strong></span> <span class='ocrx_word' id='word_1_354' title='bbox 2055 3531 2105 3569; x_wconf 86' lang='lat' dir='ltr'><strong>et</strong></span> <span class='ocrx_word' id='word_1_355' title='bbox 2118 3521 2389 3570; x_wconf 79' lang='lat' dir='ltr'><strong>similitudo</strong></span> <span class='ocrx_word' id='word_1_356' title='bbox 2403 3539 2511 3569; x_wconf 75' lang='lat' dir='ltr'><strong>orn-</strong></span> 
     </span>
     <span class='ocr_line' id='line_1_56' title="bbox 1490 3583 2509 3662; baseline 0.005 -18"><span class='ocrx_word' id='word_1_357' title='bbox 1490 3583 1639 3644; x_wconf 75' lang='lat' dir='ltr'><strong>ti&#39;onis</strong></span> <span class='ocrx_word' id='word_1_358' title='bbox 1661 3596 1930 3647; x_wconf 75' lang='lat' dir='ltr'><strong>desiderat:</strong></span> <span class='ocrx_word' id='word_1_359' title='bbox 1957 3598 2051 3645; x_wconf 82' lang='lat' dir='ltr'><strong>uisi</strong></span> <span class='ocrx_word' id='word_1_360' title='bbox 2077 3599 2186 3662; x_wconf 74' lang='lat' dir='ltr'><strong>quis</strong></span> <span class='ocrx_word' id='word_1_361' title='bbox 2209 3599 2344 3647; x_wconf 73' lang='lat' dir='ltr'><strong>malit</strong></span> <span class='ocrx_word' id='word_1_362' title='bbox 2379 3601 2509 3649; x_wconf 89' lang='lat' dir='ltr'><strong>uude</strong></span> 
     </span>
     <span class='ocr_line' id='line_1_57' title="bbox 1490 3675 2512 3739; baseline 0.008 -19"><span class='ocrx_word' id='word_1_363' title='bbox 1490 3685 1570 3733; x_wconf 77' lang='lat' dir='ltr'><strong>ae,</strong></span> <span class='ocrx_word' id='word_1_364' title='bbox 1595 3687 1652 3723; x_wconf 86' lang='lat' dir='ltr'><strong>ut</strong></span> <span class='ocrx_word' id='word_1_365' title='bbox 1679 3687 1754 3724; x_wconf 76' lang='lat' dir='ltr'><strong>est</strong></span> <span class='ocrx_word' id='word_1_366' title='bbox 1789 3677 1838 3722; x_wconf 87' lang='lat' dir='ltr'><strong>in</strong></span> <span class='ocrx_word' id='word_1_367' title='bbox 1863 3677 2000 3722; x_wconf 73' lang='lat' dir='ltr'><strong>libris</strong></span> <span class='ocrx_word' id='word_1_368' title='bbox 2025 3675 2316 3739; x_wconf 72' lang='lat' dir='ltr'><strong>quibusdam</strong></span> <span class='ocrx_word' id='word_1_369' title='bbox 2339 3695 2434 3728; x_wconf 77' lang='lat' dir='ltr'><strong>scr.</strong></span> <span class='ocrx_word' id='word_1_370' title='bbox 2461 3694 2512 3728; x_wconf 82' lang='lat' dir='ltr'><strong>et</strong></span> 
     </span>
     <span class='ocr_line' id='line_1_58' title="bbox 1490 3753 2330 3806; baseline 0.005 -5"><span class='ocrx_word' id='word_1_371' title='bbox 1490 3753 1608 3802; x_wconf 89' lang='lat' dir='ltr'><strong>edd.</strong></span> <span class='ocrx_word' id='word_1_372' title='bbox 1634 3765 1752 3802; x_wconf 82' lang='lat' dir='ltr'><strong>vett.</strong></span> <span class='ocrx_word' id='word_1_373' title='bbox 1777 3765 1828 3802; x_wconf 76' lang='lat' dir='ltr'><strong>at</strong></span> <span class='ocrx_word' id='word_1_374' title='bbox 1847 3754 1972 3802; x_wconf 86' lang='lat' dir='ltr'><strong>illud</strong></span> <span class='ocrx_word' id='word_1_375' title='bbox 1991 3755 2176 3804; x_wconf 73' lang='lat' dir='ltr'><strong>melius.</strong></span> <span class='ocrx_word' id='word_1_376' title='bbox 2203 3759 2330 3806; x_wconf 71' lang='lat' dir='ltr'><strong>En.</strong></span> 
     </span>
    </p>

    <p class='ocr_par' dir='ltr' id='par_1_16' title="bbox 1484 3831 2560 4136">
     <span class='ocr_line' id='line_1_59' title="bbox 1565 3831 2508 3899; baseline 0.005 -20"><span class='ocrx_word' id='word_1_377' title='bbox 1565 3849 1584 3879; x_wconf 84' lang='lat'>1</span> <span class='ocrx_word' id='word_1_378' title='bbox 1597 3833 1648 3881; x_wconf 82' lang='lat'><strong>5.</strong></span> <span class='ocrx_word' id='word_1_379' title='bbox 1669 3831 1834 3880; x_wconf 77' lang='lat' dir='ltr'><strong>Etiam</strong></span> <span class='ocrx_word' id='word_1_380' title='bbox 1851 3834 2140 3882; x_wconf 78' lang='lat' dir='ltr'><strong>sententiose</strong></span> <span class='ocrx_word' id='word_1_381' title='bbox 2157 3835 2387 3899; x_wconf 76' lang='lat' dir='ltr'><strong>loqueris.</strong></span> <span class='ocrx_word' id='word_1_382' title='bbox 2409 3836 2508 3884; x_wconf 78' lang='lat' dir='ltr'><strong>Pal.</strong></span> 
     </span>
     <span class='ocr_line' id='line_1_60' title="bbox 1485 3913 2508 3980; baseline 0.003 -22"><span class='ocrx_word' id='word_1_383' title='bbox 1485 3922 1709 3973; x_wconf 78' lang='lat' dir='ltr'><strong>quartus,</strong></span> <span class='ocrx_word' id='word_1_384' title='bbox 1738 3921 1898 3976; x_wconf 66' lang='lat' dir='ltr'><strong>sextus</strong></span> <span class='ocrx_word' id='word_1_385' title='bbox 1911 3947 1927 3969; x_wconf 90' lang='lat'>‚</span> <span class='ocrx_word' id='word_1_386' title='bbox 1955 3913 2224 3961; x_wconf 75' lang='lat' dir='ltr'><strong>sententias</strong></span> <span class='ocrx_word' id='word_1_387' title='bbox 2262 3914 2470 3980; x_wconf 77' lang='lat' dir='ltr'><strong>loqueris</strong></span> <span class='ocrx_word' id='word_1_388' title='bbox 2489 3951 2508 3978; x_wconf 75' lang='lat'><strong>,</strong></span> 
     </span>
     <span class='ocr_line' id='line_1_61' title="bbox 1484 3990 2560 4040; baseline 0.004 -4"><span class='ocrx_word' id='word_1_389' title='bbox 1484 3999 1540 4036; x_wconf 86' lang='lat' dir='ltr'><strong>ut</strong></span> <span class='ocrx_word' id='word_1_390' title='bbox 1567 3990 1712 4038; x_wconf 65' lang='lat' dir='ltr'><strong>habet</strong></span> <span class='ocrx_word' id='word_1_391' title='bbox 1729 3990 1884 4040; x_wconf 85' lang='lat' dir='ltr'><strong>Bruil.</strong></span> <span class='ocrx_word' id='word_1_392' title='bbox 1912 3992 2189 4040; x_wconf 85' lang='lat' dir='ltr'><strong>Videndum</strong></span> <span class='ocrx_word' id='word_1_393' title='bbox 2211 4005 2370 4040; x_wconf 81' lang='lat' dir='ltr'><strong>tamen</strong></span> <span class='ocrx_word' id='word_1_394' title='bbox 2389 4009 2507 4040; x_wconf 78' lang='lat' dir='ltr'><strong>num</strong></span> <span class='ocrx_word' id='word_1_395' title='bbox 2550 4005 2560 4014; x_wconf 88' lang='lat'><strong>·</strong></span> 
     </span>
     <span class='ocr_line' id='line_1_62' title="bbox 1484 4071 2512 4136; baseline 0.01 -22"><span class='ocrx_word' id='word_1_396' title='bbox 1484 4071 1731 4118; x_wconf 70' lang='lat' dir='ltr'><strong>venustius</strong></span> <span class='ocrx_word' id='word_1_397' title='bbox 1761 4071 1860 4119; x_wconf 72' lang='lat' dir='ltr'><strong>Pal.</strong></span> <span class='ocrx_word' id='word_1_398' title='bbox 1905 4088 1981 4136; x_wconf 84' lang='lat' dir='ltr'><strong>pr.</strong></span> <span class='ocrx_word' id='word_1_399' title='bbox 2007 4074 2154 4121; x_wconf 76' lang='lat' dir='ltr'><strong>eciam</strong></span> <span class='ocrx_word' id='word_1_400' title='bbox 2191 4073 2457 4122; x_wconf 77' lang='lat' dir='ltr'><strong>sententias</strong></span> <span class='ocrx_word' id='word_1_401' title='bbox 2477 4077 2512 4124; x_wconf 60' lang='grc' dir='ltr'><strong><em>ὃ</em></strong></span> 
     </span>
    </p>
   </div>
  </div>
 </body>
</html>
