2982 4682
735 369 863 436 AD
912 367 1504 454 HERENfflUM,
1559 371 1824 436 LIBER
1873 370 1975 452 ΙΙ,
2020 369 2085 450 [i-
2386 363 2474 460 57

354 494 577 562 noctis
622 487 853 560 hora9
887 487 1159 560 factum
1210 513 1364 560 esse
1401 489 1705 579 dicatur,
1747 502 1822 560 et
1869 497 2084 559 cur¹⁰
2125 487 2482 583 ejusmodi

351 599 815 698 temporibus·
836 602 1159 697 Spatium
1182 603 1279 670 ita
1306 598 1804 672 consideratur
1833 625 1848 667 ε
1885 600 2145 670 satisne
2175 599 2480 697 longum

353 709 560 782 fuerit
588 709 679 782 ad
708 734 865 781 eam
888 733 1039 780 rem
1066 709 1596 806 transigendam
1614 765 1633 794 ‚
1653 723 1726 780 et
1748 709 2162 807 potueritne
2191 709 2370 778 scire
2389 715 2411 750 ¹
2429 717 2480 793 ¹,

354 824 513 892 satis
546 821 639 892 ad
675 820 753 891 id
787 817 1392 918 perficiendum¹²
1430 821 1642 918 spatii
1679 816 2028 889 futurum.
2061 821 2244 890 Nam
2281 818 2481 915 parvi

354 930 564 1004 refert
602 935 771 1002 satis
802 931 1014 1028 spatii
1040 928 1259 1002 fuisse
1296 930 1387 1001 ad
1422 931 1496 1001 id
1535 928 2095 1030 perficiendum,
2122 929 2179 997 si
2211 925 2282 998 id
2313 940 2479 997 ante

356 1045 513 1114 sciri
548 1057 623 1114 et
652 1045 935 1113 ratione
966 1040 1329 1139 provideri
1367 1067 1520 1112 non
1558 1033 1898 1138 potuit13.
1953 1037 2250 1110 Occasio
2284 1061 2478 1133 quae-

356 1154 569 1239 ritur‚
600 1151 959 1223 idoneane
999 1149 1297 1223 fuerit¹4
1332 1151 1425 1222 ad
1460 1177 1616 1223 rem
1661 1149 2163 1237 adoriendam,
2209 1175 2300 1220 an
2349 1147 2482 1218 alia

356 1263 631 1350 melior,
652 1285 816 1358 quae
844 1277 969 1333 aut
996 1265 1353 1360 praeterita
1370 1265 1497 1350 sit,
1529 1277 1654 1334 aut
1674 1287 1822 1332 non
1845 1275 2275 1359 exspectata.
2306 1263 2482 1357 Spes

354 1371 773 1470 perficiendi
799 1398 961 1469 quae
977 1371 1289 1463 fuerit¹⁵‚
1310 1373 1756 1471 spectabitur
1777 1374 1922 1444 hoc
1943 1373 2162 1443 modo
2184 1399 2199 1441 ε
2228 1371 2307 1458 si,
2327 1395 2486 1469 quae

355 1507 571 1581 supra
621 1482 811 1554 dicta
854 1499 1022 1555 sunt
1064 1485 1297 1582 signa,
1348 1487 1854 1555 concurrerint
1885 1478 1986 1571 ¹⁶3
2035 1483 2094 1554 si
2143 1495 2488 1581 praeterea

358 1617 447 1663 cx
494 1592 715 1664 altera
776 1609 977 1692 parte
1031 1596 1255 1682 vires,
1316 1596 1656 1692 pecunia,
1700 1594 2114 1679 consilium,
2156 1592 2488 1674 scientia,

358 1707 727 1801 apparatio
758 1703 1121 1776 videbitur
1161 1702 1455 1776 fuisse¹⁷
1476 1730 1498 1782 ;
1541 1731 1628 1776 ex
1665 1705 1884 1776 altera
1921 1719 2122 1803 parte
2157 1700 2484 1774 imbecil-

360 1815 553 1902 litas,
590 1815 877 1912 inopia‚
916 1816 1249 1902 stultitia,
1288 1815 1807 1913 imprudentia,
1847 1816 2299 1914 inapparatio
2357 1812 2486 1884 de-

426 2005 481 2054 9.
513 1995 627 2056 Qua
652 1990 775 2050 diei,
798 2008 900 2056 qua
918 1991 1073 2041 noctis
1091 1993 1233 2042 hora.
1268 1996 1378 2057 Qua
1467 1992 1576 2041 tuit.
1609 2015 1632 2035 ι
1664 1993 1714 2040 Si
1737 1993 1790 2040 id
1809 2005 1893 2040 aut
1919 1993 2030 2040 sciri
2057 2003 2142 2040 aut
2167 2013 2193 2032 »ι
2219 1993 2348 2056 Aug,
2377 2006 2488 2054 per-

362 2071 439 2120 die
464 2071 543 2119 ed.
576 2073 746 2138 14765
773 2084 925 2136 quota
954 2071 1111 2120 noctis
1142 2072 1265 2119 bom
1296 2073 1375 2121 ed.
1464 2087 1650 2137 peram.
1679 2076 1893 2120 Scau-1⁸2.
1933 2099 2002 2109 —
2033 2073 2146 2120 Non
2173 2069 2389 2134 potuerit
2409 2070 2490 2118 ed.

368 2149 499 2214 1498
528 2152 667 2200 Med.
708 2174 733 2194 ιι
759 2167 855 2216 qua
890 2153 997 2214 die,
1026 2163 1179 2216 quoto
1200 2153 1324 2200 hora
1354 2173 1381 2194 ο
1466 2153 1601 2200 Med.
1633 2148 1796 2214 1498,
1821 2152 1898 2199 ed.
1931 2153 2087 2212 1476-

364 2232 491 2279 Aah.
521 2257 593 2268 ——
620 2230 726 2280 Pal.
767 2233 941 2279 tertius
976 2233 1159 2295 oggerit
1206 2231 1379 2280 nobis:

364 2325 501 2373 «qua
542 2309 705 2369 hora?
732 2321 879 2359 nocte
914 2327 976 2358 sn
1019 2309 1126 2369 die,
1156 2327 1220 2359 au
1255 2311 1383 2359 inter
1406 2321 1417 2330 “

365 2400 557 2437 noctem
579 2400 629 2437 et
656 2390 809 2449 diem,
828 2401 879 2437 et
904 2406 999 2453 qua
1028 2389 1131 2447 die,
1156 2402 1203 2437 et
1230 2400 1383 2453 quota

366 2478 500 2532 parte
518 2468 707 2527 noctis,
730 2480 776 2516 et
798 2480 951 2532 quota
975 2469 1093 2516 hora
1114 2490 1154 2515 n.
1184 2471 1357 2518 Gau-r.

440 2562 517 2597 10.
532 2549 691 2595 Etem·
702 2546 951 2609 ejusmodi.
964 2548 1057 2595 «Et
1070 2547 1347 2608 cuiusmodi
1360 2570 1385 2589 ι·

366 2626 483 2675 Ald.
508 2627 655 2675 male.
680 2629 893 2676 Suum.
911 2654 981 2665 —
1006 2648 1029 2671 ιι
1053 2630 1117 2676 Et
1142 2642 1230 2674 cur
1258 2630 1386 2689 ejus-

368 2705 499 2753 modi
524 2692 829 2771 temporibus
852 2728 875 2749 ι
891 2742 902 2753 .
926 2706 1133 2769 Elegans
1154 2706 1383 2754 emenda·

368 2784 439 2833 tio
472 2801 619 2849 quam
650 2786 778 2833 eruit
799 2804 828 2835 e
870 2786 1153 2835 Fabriciauo
1194 2786 1385 2833 Guliel-

368 2864 491 2923 mius
518 2879 533 2912 ε
564 2864 653 2911 sed
680 2880 771 2928 ego
792 2880 925 2914 nune
952 2866 1098 2914 etism
1132 2864 1277 2915 firmo
1302 2882 1386 2913 au-

370 2944 593 2991 ctoritate
608 2944 711 2993 1²21.
732 2960 807 3008 pr.
827 2956 875 2992 et
890 2956 1005 2996 tert.
1027 2962 1184 3009 neque
1199 2944 1389 2993 abludit

370 3038 467 3071 sec.
498 3032 659 3086 quart.
686 3034 809 3071 sext.
834 3024 927 3071 nisi
954 3025 1090 3087 quod
1122 3025 1185 3083 ii,
1210 3036 1259 3072 et
1279 3040 1389 3071 cum

372 3101 621 3165 q'mmodi.
686 3102 853 3166 Vulgo
908 3114 983 3151 est
1026 3114 1077 3152 ec
1120 3102 1393 3168 cujmmodi

370 3180 655 3243 temporibus
668 3216 684 3242 ,
702 3180 835 3229 naua
855 3179 983 3230 bona
1005 3184 1269 3231 sententia:
1287 3198 1390 3230 nou

372 3270 557 3308 tantum
582 3258 899 3308 indicandum
924 3270 1115 3325 tempus
1136 3262 1390 3319 facinoris,

374 3339 457 3387 sed
502 3349 553 3388 et
601 3338 825 3387 addenda
859 3340 987 3387 ratio
1018 3356 1169 3403 quare
1206 3356 1267 3388 eo
1298 3356 1393 3405 po·

373 3418 609 3466 tissimum
662 3428 884 3482 tempore
927 3418 1083 3467 scelus
1128 3417 1391 3467 admissum

372 3497 453 3546 sit.
476 3499 642 3545 Gau-r.

448 3593 469 3624 1
484 3594 527 3624 1.
552 3578 621 3623 Ee
632 3574 915 3641 potueritne
934 3575 1083 3635 scire,
1100 3576 1237 3625 sads.
1262 3575 1399 3623 Scie-

376 3654 497 3703 n'me
514 3654 635 3705 satis
663 3655 743 3703 ed.
772 3656 909 3704 Med.
953 3658 1081 3719 1498
1098 3688 1115 3717 ,
1134 3656 1213 3704 ed.
1248 3654 1399 3717 1476.

376 3732 569 3784 achan.
594 3752 647 3783 n.
674 3752 729 3785 n.
756 3734 885 3784 scir-i.
907 3736 1185 3795 Passimm,
1216 3735 1399 3799 inquit,

378 3823 423 3859 et
446 3813 527 3861 bic
550 3815 713 3879 aptius
740 3825 845 3876 est,
874 3824 923 3863 et
941 3826 1055 3879 post
1072 3815 1305 3863 occurrit.

454 3908 535 3940 η.
565 3892 663 3941 Ad
684 3890 1129 3960 idpetficiendum.
1152 3894 1263 3941 Hoc
1286 3893 1402 3943 Sch.

380 3970 507 4019 delet
556 3972 867 4020 manifestum
916 3983 975 4019 ut
1034 3973 1267 4035 glossema
1289 4010 1304 4035 ,
1354 3984 1403 4022 et

379 4066 493 4097 saue
516 4051 685 4115 paullo
712 4061 832 4114 post
850 4050 1097 4099 fastidiose
1122 4055 1342 4101 recurrit.

364 4190 387 4202 Ο
456 4132 534 4179 13.
552 4129 607 4179 δι’
629 4130 691 4178 id
705 4141 825 4181 ante
848 4130 965 4202 seiri
986 4142 1029 4180 et
1050 4148 1091 4181 r.
1111 4149 1163 4195 p.
1188 4148 1289 4181 mm
1304 4152 1401 4199 po-

1546 2233 1626 2290 14.
1666 2232 1916 2278 Idoneane
1940 2227 2117 2296 fuen'e.
2153 2229 2286 2276 Libri
2321 2243 2490 2276 recen-

1470 2310 1608 2358 tioris
1636 2309 1864 2359 editionis
1889 2325 2011 2358 voce
2036 2309 2302 2366 auctiores,
2331 2329 2355 2348 n·
2375 2306 2494 2356 ido-

1470 2408 1624 2441 neane
1645 2392 1758 2438 satis
1779 2391 1948 2449 fuerit3
1961 2412 1986 2432 ι
2000 2405 2110 2454 quae
2123 2388 2346 2452 nuspiam
2360 2402 2494 2435 com-

1471 2482 1611 2535 paret
1637 2470 1690 2517 in
1707 2470 1827 2517 oiim
1854 2470 2082 2533 vulgatis,
2104 2476 2190 2516 aut
2220 2466 2344 2514 adeo
2367 2466 2492 2515 MSS

1473 2552 1669 2599 nostris.
1691 2552 1856 2599 Gau-r.

1553 2631 1635 2679 15.
1687 2632 1800 2694 Spes
1839 2626 2133 2697 perficiendi
2182 2644 2290 2692 quoe
2323 2622 2497 2691 feeerit.

1475 2730 1500 2750 κ
1518 2710 1566 2756 S.
1592 2725 1646 2773 p.
1671 2710 1776 2755 haec
1802 2724 1916 2783 quae
1942 2709 1977 2756 s.
2008 2728 2030 2749 ι
2059 2707 2137 2756 ed.
2166 2706 2304 2754 Med.
2334 2707 2492 2768 1498,

1473 2786 1552 2837 ed.
1587 2808 1602 2836 ι
1618 2788 1736 2849 476.

1550 2869 1637 2917 16.
1657 2864 2014 2915 Concava-inc.
2045 2864 2342 2913 Concurrent
2364 2864 2494 2927 Aug.

1476 2950 1692 2998 Scau-rz-

1555 3042 1576 3073 1
1587 3042 1612 3087 ⁶7
1626 3061 1636 3074 .
1661 3023 1934 3089 Appen-atio
1948 3020 2194 3071 videbitur
2194 3020 2375 3086 fuisse.
2398 3018 2502 3068 Ad-

1472 3105 1570 3165 jeci
1603 3104 1725 3151 duas
1763 3119 1910 3151 voces
1945 3124 1966 3145 ι
1991 3102 2238 3149 videbitur
2271 3102 2443 3159 fuisse;
2471 3121 2492 3143 ι

1478 3198 1582 3231 nou
1598 3184 1881 3230 testimonio
1908 3182 2119 3229 duorum
2141 3180 2378 3229 librorum
2401 3193 2501 3227 ms-

1479 3263 1720 3327 uuscript.
1751 3278 1918 3309 verum
1945 3262 2128 3325 integra
2161 3261 2380 3310 cohorte.
2407 3262 2501 3309 Eas

1482 3344 1612 3391 euim
1639 3352 1910 3405 agnoscunt
1945 3358 2030 3388 sex
2063 3342 2354 3389 membrsnae
2380 3356 2502 3404 quas

1484 3421 1732 3469 consuluit
1751 3420 2037 3468 Gulielmius
2051 3456 2064 3480 ‚
2087 3438 2172 3469 sex
2187 3420 2304 3469 Pan.
2321 3431 2369 3469 et
2387 3418 2503 3467 cdd.

1483 3516 1565 3565 pr.
1585 3514 1744 3564 neque
1755 3500 1935 3546 otiosas
1954 3514 2056 3545 esse
2075 3498 2284 3557 videbit,
2297 3500 2382 3561 qui
2403 3499 2502 3545 vim

1483 3580 1630 3640 hujus
1663 3578 1954 3643 suspicionis
1995 3586 2176 3625 attente
2225 3578 2504 3641 perspiciet.

1486 3662 1644 3706 Immo
1661 3671 2013 3721 supervacuum
2039 3656 2203 3719 potius
2219 3658 2366 3704 suerit
2383 3656 2506 3705 illud

1487 3738 1688 3785 alterum
1707 3722 1842 3799 quod
1862 3737 2098 3799 sequitur,
2113 3758 2138 3776 ‹-
2160 3735 2514 3784 demonstrabi-

1490 3828 1572 3864 tur
1605 3816 1750 3863 fnisse
1793 3835 1814 3855 ι
1833 3848 1850 3874 ,
1897 3831 2040 3878 quam
2091 3816 2222 3863 istud
2269 3825 2505 3864 nostrum.

1488 3897 1664 3944 Gnur.
1698 3920 1770 3931 --
1801 3892 2000 3943 Schiiiz.
2043 3894 2172 3943 delet
2211 3916 2234 3939 c
2267 3896 2512 3944 videbitur

1494 3977 1640 4025 fuisse
1659 3996 1684 4017 a
1709 3990 1822 4021 eum
1845 3975 1965 4023 And.
1987 3974 2124 4039 quod
2147 3975 2274 4023 haud
2298 3992 2435 4021 secus
2457 3990 2512 4021 sc

1495 4078 1521 4098 κ
1537 4054 1948 4104 demonstrabitur
1973 4055 2120 4101 fuisse
2139 4074 2162 4094 -
2188 4064 2347 4101 ortum
2379 4064 2518 4117 putat

1497 4154 1523 4183 a
1556 4135 1836 4201 glossatore.
