2982 4682
382 379 523 451 270
1060 357 1156 424 M.
1208 355 1287 424 T.
1340 357 1820 426 CICERONIS

382 493 547 540 men
588 467 866 555 locum,
899 469 973 538 in
1008 493 1159 564 quo
1202 471 1660 556 constiterat,
1697 468 2176 566 relinquenti,
2203 473 2518 566 percutit

382 593 693 678 tempus,
734 578 897 666 Ille,
940 577 1141 648 nulla
1188 603 1367 650 voce
1416 579 1748 650 delibans
1791 581 2129 651 insitam⁷
2171 581 2512 654 virtutem

382 689 700 762 concidit
725 692 1004 760 tacitus.
1029 694 1171 760 Iste
1194 691 1325 760 viri
1354 687 1722 762 fortissimi
1739 691 2148 762 miserando
2165 693 2514 791 sanguine

380 801 803 900 adspersus»,
838 804 1045 897 quasi
1077 798 1357 872 facinus
1386 802 2006 898 praeclarissimum
2036 800 2345 890 fecisset,
2375 805 2514 874 cir-

378 907 927 1010 cumspectans⁸
951 964 972 999 ,
1032 926 1108 982 et
1168 909 1465 980 hilariso
1521 911 1933 983 sceleratam
1989 910 2513 1008 gratulantibus

382 1048 675 1094 manum
717 1023 1130 1120 porrigens,
1176 1023 1253 1091 in
1292 1021 1650 1121 templum
1685 1023 1880 1093 Jovis
1919 1021 2228 1093 contulit
2268 1039 2424 1095 s⁸ese
2455 1053 2509 1092 n.

380 1139 545 1206 Hoec
582 1133 958 1204 exornatio
1003 1131 1397 1229 plurimum
1436 1131 1730 1228 prodest
1765 1134 1846 1202 in
1889 1130 2398 1230 amplificanda
2443 1149 2514 1205 et

379 1242 949 1317 commiseranda
1006 1266 1129 1325 re,
1188 1241 1612 1338 hujusmodi
1681 1242 2259 1315 enarrationibus
2301 1272 2316 1314 ε
2371 1259 2509 1315 sta·

378 1359 519 1426 tuit
554 1357 747 1425 enim
782 1368 1005 1425 totam
1040 1377 1191 1422 rem
1216 1406 1235 1440 ,
1274 1368 1347 1423 et
1380 1378 1614 1451 prope
1643 1355 1856 1452 ponit
1897 1366 2062 1424 ante
2095 1355 2364 1425 oculos.

476 1469 657 1536 LVI.
690 1461 891 1560 (tvi.)
930 1469 1205 1534 Omnes
1238 1464 1554 1534 rationes
1591 1461 2058 1534 honestandae
2086 1462 2512 1535 elocutionis

378 1575 699 1646 studiose
750 1572 1211 1670 collegimus,
1260 1577 1336 1642 in
1384 1574 1692 1670 quibus,
1735 1575 2096 1662 Herenni,
2145 1577 2204 1645 si
2241 1591 2314 1646 te
2346 1575 2511 1647 dili·

374 1700 633 1782 genter
678 1685 1117 1772 exercueris,
1171 1697 1245 1755 et
1288 1687 1742 1780 gravitatem,
1807 1700 1883 1757 et
1938 1685 2398 1782 dignitatem,
2441 1689 2544 1757 et'

374 1799 797 1868 suavitatem
815 1794 1085 1866 habere
1100 1796 1175 1864 in
1196 1793 1507 1865 dicendo
1531 1796 1835 1894 poteris,
1865 1810 1946 1866 ut
1964 1798 2274 1868 oratorie
2300 1795 2510 1894 plane

376 1909 699 2004 loquaris
740 1932 897 1998 :ne
946 1903 1141 1976 nuda
1200 1919 1420 2002 atque
1474 1907 1807 1976 inornata
1857 1909 2178 1978 inventio
2235 1906 2512 2005 vulgari

374 2041 709 2090 sermone
736 2014 1081 2087 efferatur
1102 2027 1149 2086 ¹.
1180 2017 1395 2086 Nunc
1420 2015 1812 2089 identidem
1837 2033 2123 2088 nosmet
2143 2019 2280 2116 ipsi
2297 2017 2510 2090 nobis

376 2131 796 2200 instemus2.
828 2130 969 2196 Res
1000 2128 1195 2195 enim
1226 2129 1632 2198 communis
1665 2129 1936 2224 agitur,
1975 2144 2060 2200 ut
2093 2127 2511 2224 frequenter

370 2252 448 2308 et
501 2235 783 2308 assidue
842 2259 1377 2332 consequamur
1430 2242 1630 2310 artis.
1662 2231 2062 2310 rationem3
2127 2239 2368 2311 studio
2437 2257 2510 2310 et

368 2350 921 2421 exercitatione:
951 2346 1152 2443 quod
1187 2346 1307 2419 alii
1336 2372 1506 2419 cum
1539 2350 1864 2421 molestia
1902 2348 2129 2423 tribus
2161 2350 2252 2422 de
2279 2355 2508 2422 causis

1482 2520 1653 2552 verum
1680 2517 1895 2569 pnt0.-—
1907 2506 2060 2555 Nulla
2085 2524 2213 2555 voce
2229 2507 2419 2568 delabi,
2440 2508 2508 2558 ait

1483 2586 1750 2643 Gruterus,
1771 2596 1848 2635 est
1870 2586 2029 2635 tacere
2065 2586 2192 2635 illud
2231 2587 2366 2653 quod
2393 2586 2507 2636 feeit

439 2526 485 2569 7.
510 2504 663 2553 Nulla
681 2520 808 2551 voce
828 2498 1053 2551 delibans
1071 2500 1269 2551 {mitam
1287 2501 1397 2550 vir-

368 2598 531 2635 tutem.
561 2585 643 2633 sto
681 2580 880 2632 Scht'iu.
918 2582 1165 2644 victoni,
1192 2582 1353 2646 inquit
1376 2618 1393 2645 ‚

368 2668 629 2721 lectionem
646 2696 661 2721 ,
680 2679 829 2728 quam
865 2662 1128 2711 Lambinus
1154 2664 1206 2709 in
1228 2661 1394 2709 omni·

367 2746 462 2794 bus
488 2746 587 2793 fere
608 2744 734 2792 MSS
760 2754 810 2791 et
830 2742 977 2790 codd.
1002 2742 1217 2801 invenit,
1252 2740 1393 2788 resti-

370 2826 471 2883 tni;
500 2840 645 2889 qnam
666 2814 897 2870 adversus
912 2820 1047 2869 illins
1065 2820 1393 2884 suspicionem

368 2903 553 2967 optime
602 2901 820 2950 defendit
846 2900 1085 2948 Graevius.
1110 2900 1197 2945 Est
1224 2899 1353 2946 enim
1374 2935 1389 2960 ,

368 2994 425 3033 nt
445 2982 525 3029 hic
544 2981 671 3045 imp.
694 3002 718 3022 σι
731 2978 861 3028 nulla
890 2992 1035 3036 voce,
1058 2992 1169 3042 qun
1190 2994 1244 3025 ee
1266 2978 1392 3025 indi-

366 3078 461 3126 gna
487 3070 634 3116 esset,
656 3060 889 3107 virtutem
906 3058 1119 3105 innatam
1141 3056 1221 3105 vel
1245 3056 1390 3105 levia·

364 3142 487 3189 aime
504 3137 749 3185 imminuit
766 3157 811 3185 ι.
832 3162 901 3175 --
922 3136 1075 3185 Nulla
1102 3151 1229 3185 νοσσ
1252 3137 1388 3185 dela-

364 3223 481 3269 bens
504 3216 653 3267 imita
672 3216 874 3267 virente.
902 3218 1019 3265 Em.
1054 3217 1135 3265 sie
1151 3252 1165 3276 ,
1190 3219 1353 3282 inquit
1370 3252 1387 3279 ,

361 3300 517 3349 voluit
538 3296 683 3345 edere
712 3298 977 3355 Gruterus,
1002 3310 1109 3345 non
1126 3328 1145 3356 ,
1170 3308 1227 3345 nt
1242 3298 1386 3347 estin

362 3377 627 3443 exemplis,
668 3375 909 3426 delabens
923 3394 945 3433 ‚-
982 3376 1121 3441 qnod
1148 3386 1307 3423 tamen
1338 3387 1389 3425 et

362 3464 523 3525 ipsum
556 3459 607 3505 in
642 3456 780 3505 libris
820 3457 1075 3521 reperitur.
1096 3454 1225 3505 Mihi
1252 3455 1387 3520 quod

359 3538 611 3589 Victorius
636 3536 794 3585 edidit
815 3534 1035 3585 delibans
1062 3534 1307 3597 poeticum
1334 3544 1385 3583 et

362 3636 464 3668 non
500 3620 613 3666 satis
654 3616 951 3665 conveniens
992 3613 1079 3663 tali
1118 3614 1383 3662 narrationi

363 3700 575 3747 videtur.
612 3696 855 3745 Sententia
890 3694 995 3741 baso
1030 3692 1289 3756 aliquoties
1312 3702 1385 3741 est

362 3778 497 3843 apud
536 3778 757 3826 Tacitum
792 3774 845 3823 in
878 3784 1035 3821 morte
1074 3774 1383 3823 morientium

354 3860 493 3919 jussu
514 3870 864 3921 tyrannorum,
884 3853 1060 3901 Annal.
1082 3856 1197 3910 XV,
1217 3854 1303 3911 63,
1322 3853 1383 3901 de

362 3938 539 3984 Seneca
558 3968 575 3995 ,
591 3956 616 3977 ιι
632 3950 693 3981 ne
722 3930 925 3980 visendo
948 3931 1009 3980 ad
1036 3931 1381 3995 impatientiam

364 4014 721 4063 delaberetur-v.
734 4012 863 4074 Ergo
880 4022 931 4059 et
948 4027 975 4060 a
995 4012 1252 4075 patientia,
1283 4009 1381 4057 vir-

368 4104 471 4141 tute
495 4092 651 4140 delabi
674 4106 942 4156 possumne.
966 4092 1137 4153 Itaque
1152 4089 1381 4137 delabens

1482 2665 1744 2728 Pompeius
1760 2666 1890 2730 apud
1915 2668 2162 2717 Lucanum
2179 2702 2194 2726 ,
2213 2668 2354 2721 Vm.
2371 2668 2474 2717 616
2493 2683 2506 2717 :

1494 2764 1514 2784 ι
1529 2741 1884 2807 Continuitque
1919 2747 2126 2791 animam
2145 2780 2160 2803 ,
2185 2762 2247 2792 ne
2289 2762 2407 2810 quas
2432 2746 2504 2793 ef-

1480 2821 1686 2869 fundere
1701 2838 1865 2883 voees,
1881 2824 2066 2887 Posset,
2081 2836 2128 2872 et
2143 2834 2370 2873 aetemam
2387 2822 2505 2872 fletu

1480 2917 1792 2967 corrumpere
1815 2902 1990 2951 famam
2004 2923 2047 2952 ι.
2074 2903 2168 2951 Ed.
2189 2903 2324 2952 Med.
2347 2904 2503 2967 ¹⁴98·

1478 2981 1666 3029 nullam
1684 2997 1864 3031 vocem
1883 2982 2045 3032 edem.
2139 3024 2154 3039 .

1553 3062 1603 3111 8.
1660 3061 2090 3126 Cimumspeetam.
2137 3064 2250 3114 Hoc
2301 3062 2500 3110 verbnm

1472 3136 1680 3188 scham.
1717 3156 1913 3190 suasore
1951 3142 2080 3191 Oud.
2110 3142 2354 3191 transtulit
2389 3154 2502 3193 ante

1474 3218 1642 3281 quasi·

1549 3313 1596 3360 9.
1621 3298 1688 3347 Ee
1712 3298 1902 3347 hilaris.
1929 3298 2126 3349 schiitz.
2165 3313 2215 3350 ee
2248 3301 2404 3351 hilare
2441 3319 2502 3349 ex

1474 3376 1612 3427 Leid.
1647 3394 1707 3440 2,
1745 3380 1810 3441 3,
1849 3380 1967 3429 edit.
2006 3378 2208 3430 Omnib.
2241 3381 2322 3429 sic
2345 3392 2396 3429 et
2422 3380 2500 3429 ed.

1476 3456 1611 3507 Med.
1639 3459 1791 3519 1498.

1545 3536 1676 3585 LVI.
1699 3550 1743 3585 ι.
1768 3537 1978 3602 Vulgari
1999 3553 2224 3589 sermone
2248 3538 2496 3604 efferatam

1472 3611 1671 3662 Schiitz.
1703 3613 1909 3681 vulgari
1943 3632 2164 3666 sermone
2185 3618 2470 3684 proferatur
2484 3655 2499 3678 ‚

1472 3693 1696 3741 exVou.
1719 3708 1776 3753 ι,
1804 3694 1942 3745 Leid.
1969 3712 2032 3757 2,
2063 3698 2110 3745 3.

1545 3788 1598 3821 2.
1623 3770 1777 3821 Nobis
1801 3772 2044 3823 instemus.
2091 3776 2253 3823 Intell.
2277 3777 2328 3825 J.
2348 3778 2414 3825 V.
2443 3778 2494 3825 L.

1472 3850 1614 3897 nobis·
1637 3850 1952 3915 invigilemus.

1545 3930 1592 3976 3.
1637 3930 1772 3979 Artis
1806 3930 2063 3981 rationem.
2101 3932 2220 3993 Non
2259 3934 2496 3981 assentior

1472 4010 1668 4057 Graevio
1688 4009 1802 4057 lect.
1823 4010 1941 4059 eod.
1963 4012 2065 4061 Erf.
2083 4011 2203 4061 areis
2227 4012 2494 4061 orationem

1470 4088 1731 4153 probante.
1763 4090 1878 4139 Sca.
1961 4114 1966 4121 ·
