2982 4682
467 367 596 438 ¹9²
1130 343 1228 409 M.
1281 345 1359 411 T.
1411 344 1901 414 CICERONIS

339 523 360 538 .
448 485 854 536 sermonem
883 485 1149 557 purum
1183 478 1594 549 conservat,
1625 461 1719 534 ab
1750 469 1951 535 omni
1984 467 2159 568 vitio
2183 487 2577 546 remotum.

447 577 638 644 Vitia
681 575 758 644 in
785 595 1157 659 sermone,
1190 596 1338 668 quo
1377 573 1619 644 minus
1650 575 1711 642 is
1750 574 2017 647 latinus
2060 581 2190 663 sit,
2224 579 2375 652 duo
2413 608 2580 680 pos-

446 698 616 756 sunt
655 707 812 754 esse
845 708 861 750 ε
900 681 1342 752 soloecismus
1356 679 1410 766 ³,
1439 697 1512 753 et
1545 681 2085 784 barbarism-us&
2124 692 2581 767 Soloecismus

451 809 589 881 est,
625 817 896 889 quum,
941 793 1018 862 in
1055 789 1289 862 verbis
1325 791 1659 888 pluribus
1682 789 1738 880 ⁵,
1774 801 2581 896 consequens-:verbum

449 905 806 999 superiori
833 925 982 971 non
1015 901 1622 972 accommodatur.
1654 902 2143 978 Barbarismus
2180 927 2321 994 est,
2350 937 2581 1010 quum

445 1011 750 1082 verbum
779 1009 1077 1107 aliquod
1111 1012 1366 1082 vitiose
1397 1009 1772 1082 effertur-⁶.
1808 1019 2149 1112 Haecqua
2179 1021 2453 1093 ratione
2480 1025 2581 1092 vi-

450 1139 604 1193 tare
643 1123 1001 1218 possimus
1021 1176 1040 1208 ,
1079 1122 1150 1190 iu
1181 1135 1334 1191 arte
1363 1125 1821 1217 grammatica
1842 1123 2153 1198 dilucide
2172 1139 2204 1190 7
2236 1128 2578 1205 dicemus.

451 1232 871 1330 Explanatio
908 1245 1050 1317 est,
1083 1255 1244 1328 quae
1273 1229 1512 1301 reddit
1548 1249 1869 1328 apertam
1908 1249 1980 1306 et
2010 1235 2393 1311 dilucidam
2426 1267 2581 1314 ora-

453 1343 751 1412 tionem.
791 1345 891 1410 Ea
919 1355 1378 1437 comparatur
1409 1339 1693 1412 duabus
1730 1343 1949 1415 rebus
1968 1401 1988 1431 ‚
2016 1351 2291 1422 usitatis
2320 1354 2583 1443 verbis»,

453 1466 526 1521 et
561 1450 893 1548 propriis.
913 1452 1184 1520 Usitata
1209 1464 1381 1520 sunt
1403 1475 1517 1537 ea,
1552 1475 1711 1546 quae
1736 1471 2110 1527 versantur
2140 1461 2213 1530 in
2249 1486 2583 1537 sermone

453 1575 525 1631 et
571 1558 1100 1630 consuetudine
1152 1553 1571 1655 quotidiana
1617 1586 1635 1629 ι
1696 1565 2023 1658 propria,
2060 1591 2220 1663 quae
2278 1573 2430 1666 ejus
2478 1576 2583 1644 rei

452 1668 672 1741 verba
698 1685 912 1756 sunt,
943 1683 1070 1740 aut
1105 1693 1259 1743 esse
1293 1685 1639 1767 possunt,
1678 1696 1822 1767 qua
1858 1673 1947 1744 de
1986 1676 2390 1774 loquemur.

543 1779 998 1877 Compositio
1055 1793 1165 1850 est
1215 1779 1607 1850 verborum
1664 1789 2107 1856 constructio
2130 1841 2149 1875 ,
2206 1816 2367 1886 quae
2418 1792 2599 1899 facit·

457 1913 710 1961 omnes
731 1902 970 1986 partes
998 1890 1346 1960 orationis
1368 1887 1815 1985 aequabiliter
1832 1896 2275 1993 perpolitas⁸.
2304 1907 2403 1974 Ea
2422 1930 2587 1976 cou-

457 1997 880 2084 sermhstnr,
899 1999 958 2068 si
979 1995 1336 2093 fugiemus
1363 1997 1652 2068 crebras
1672 2003 2025 2076 vocalium
2050 2015 2595 2102 concursiones,

421 2113 424 2118 ’
453 2132 613 2206 quae
638 2123 905 2179 vastam
932 2122 1149 2204 atque
1185 2107 1503 2178 hiantem
1532 2113 1931 2184 orationem
1962 2117 2301 2208 reddunt,
2334 2138 2418 2193 ut
2446 2124 2589 2198 hoc

527 2346 576 2393 3.
597 2344 918 2393 Soloeeismus.
946 2345 1138 2395 Nomen
1165 2344 1422 2393 formatum
1447 2360 1475 2392 a
1566 2336 1807 2389 discemus
1830 2376 1847 2402 ,
1870 2362 1898 2392 ο
1923 2346 2046 2395 MSS
2070 2360 2119 2397 et
2136 2350 2251 2401 edd.
2280 2365 2397 2403 vett.
2424 2364 2553 2416 ηπ
2568 2394 2588 2421 ,

459 2428 634 2474 σολοικι
662 2440 700 2471 ω
723 2459 738 2483 ,
806 2422 941 2487 quod
992 2421 1177 2471 derivat
1235 2424 1479 2486 Diogenes
1572 2422 1704 2481 1475
1722 2454 1740 2481 ‚
1767 2423 1900 2472 Med.
1932 2428 2067 2489 1498
2084 2463 2098 2487 ,
2124 2432 2263 2479 Junt.
2304 2434 2419 2485 Ald.
2447 2450 2587 2500 post-

457 2482 700 2559 Licnias,
723 2502 777 2561 I,
800 2502 858 2548 51
874 2534 889 2559 ,
913 2516 942 2549 ι
958 2500 1106 2557 Solis,
1135 2500 1319 2550 Ciliciae
1337 2502 1478 2560 urbe,
1569 2513 1713 2560 quam
1749 2515 1995 2566 receptum
2034 2519 2104 2555 est
2141 2509 2378 2560 discemus
2394 2552 2407 2576 ,
2447 2525 2502 2563 ut
2534 2516 2587 2565 in

455 2600 482 2630 a
501 2581 706 2638 Solone,
743 2591 801 2627 ut
828 2580 932 2642 ipse
959 2579 1157 2642 quidem
1195 2580 1302 2628 vult
1321 2614 1335 2639 ,
1362 2598 1479 2628 con·

456 2662 554 2709 dita
581 2672 628 2709 et
656 2658 990 2714 denominata,
1037 2660 1175 2718 cuius
1210 2659 1386 2707 incola
1414 2662 1482 2727 τῷ

452 2736 606 2807 χρᾷνῳ
643 2736 726 2791 τὴν
759 2734 912 2803 φωνὴν
944 2733 1306 2795 ἀποξενωθέντες
1340 2744 1486 2788 colot-

453 2816 593 2875 κίζιιν
622 2814 891 2879 ἐλέχθησαν.
939 2817 1036 2863 Hic
1063 2818 1212 2881 igitur
1240 2819 1386 2883 ponit
1413 2820 1487 2865 vi-

457 2900 578 2947 tium
625 2897 888 2945 soloecismi
935 2896 986 2942 in
1037 2912 1159 2945 voce
1177 2932 1193 2957 ,
1225 2898 1403 2945 Noster
1431 2898 1484 2943 in

457 2993 679 3026 sermone
722 2976 810 3039 qui
854 2991 881 3022 a
935 2976 1223 3040 metaphora
1263 2976 1484 3023 instituta

457 3072 565 3103 nou
593 3056 876 3103 continuata
903 3052 1107 3101 aberrat.
1125 3056 1300 3103 Wrrz.
1315 3081 1380 3091 —
1397 3054 1486 3101 Ni·

455 3134 526 3182 hil
557 3134 637 3181 hic
675 3134 737 3179 de
769 3132 1081 3194 metaphoris.
1111 3133 1184 3179 De
1220 3146 1335 3197 apta
1379 3144 1481 3181 tau·

461 3222 565 3260 tum
585 3221 634 3258 et
659 3210 899 3257 concordi
920 3210 1150 3269 junctura
1175 3212 1455 3259 verborum.

527 3294 580 3349 4.
622 3290 955 3339 Barbas-isram
989 3292 1108 3353 quid
1149 3292 1210 3338 sit
1262 3292 1334 3339 vis
1379 3292 1482 3355 ipsa

454 3370 592 3417 verbi
625 3370 827 3417 indicat.
857 3368 1001 3415 Illum
1025 3368 1360 3431 Quintilianus
1380 3404 1394 3429 ,
1423 3372 1476 3425 1,

458 3450 488 3497 5
507 3484 521 3507 ‚
567 3446 740 3497 definit
779 3446 954 3493 vitium
994 3448 1131 3510 quod
1174 3448 1230 3495 iu
1277 3450 1479 3513 singulis

462 3528 621 3576 verbis
646 3528 724 3575 sit.
1211 3536 1218 3545 ·

529 3608 575 3656 5,
601 3604 834 3671 ρωιιη,ι“η
859 3603 1022 3653 verbis
1040 3605 1279 3669 pluribus.
1297 3608 1482 3672 Recepi

456 3685 507 3734 in
529 3703 558 3733 e
583 3686 708 3733 MSS
737 3684 855 3731 meis
877 3694 924 3731 et
955 3683 1089 3747 alii„
1118 3686 1255 3749 quod
1276 3694 1328 3736 et
1341 3688 1474 3736 Oud.

454 3765 689 3831 placebat.
715 3762 891 3811 Saltem
919 3762 985 3809 ita
1019 3764 1323 3828 intelligitur,
1355 3765 1476 3829 quid

455 3848 517 3892 sit
543 3844 592 3891 in
615 3842 747 3900 aliis,
773 3842 996 3906 pluribus
1021 3843 1200 3891 νει-δίε.
1233 3844 1362 3892 Eun.

525 3924 576 3971 6.
619 3922 796 3969 Vitiosa
833 3918 1052 3985 effertur.
1097 3943 1122 3965 e
1137 3922 1328 3969 Vitiooe
1361 3937 1478 3986 pro-

452 4001 642 4049 fertur»
667 4000 746 4047 ed.
763 3999 900 4048 Med.
929 4002 1080 4062 1498.

527 4092 577 4143 7.
619 4077 844 4127 Dilucide
879 4076 1121 4137 dicemus,
1155 4092 1248 4140 pro
1279 4078 1474 4142 vulgato

1572 2578 1763 2628 Victor.
1800 2582 1966 2630 Verbo
2000 2586 2235 2636 discemus
2278 2608 2381 2639 non
2419 2603 2588 2659 aptum

1573 2667 1646 2705 est
1667 2658 1909 2718 dilucidc,·
1939 2674 1988 2711 et
2014 2666 2213 2715 fortasse
2242 2683 2497 2735 propterea
2525 2674 2591 2721 li-

1574 2734 1761 2786 brarius
1791 2740 1877 2788 MS
1904 2744 2031 2807 Lips.
2059 2748 2239 2795 omisit.
2262 2752 2586 2803 Eum—Sela.

1576 2816 1701 2865 delet
1742 2820 1966 2872 dilucide.
2008 2827 2143 2889 Hoc,
2181 2828 2341 2893 iuquit
2359 2868 2373 2891 ‚
2406 2830 2589 2881 librarii

1574 2896 1789 2946 fecerunt
1806 2900 2072 2952 aberrando
2091 2905 2152 2952 ad
2175 2924 2361 2956 versum
2385 2926 2586 2973 sequen-

1574 2986 1667 3022 tem
1685 3011 1700 3035 ‚
1754 2978 1839 3025 ubi
1888 2969 2104 3031 occuirit
2146 2986 2414 3035 dilucidum
2449 3007 2467 3037 .·
2508 2990 2589 3039 hic

1573 3067 1703 3101 certe
1720 3067 1793 3104 est
1812 3058 2045 3122 ineptum.
2076 3088 2145 3099 -—
2176 3063 2401 3113 Dicemus
2416 3084 2589 3134 parum

1570 3136 1757 3181 auctori
1783 3148 1949 3186 nostro
1973 3142 2234 3189 convenire
2258 3144 2475 3203 videtur,
2502 3148 2589 3210 qui

1569 3212 1695 3259 nihil
1736 3215 1785 3261 in
1822 3216 1896 3264 his
1923 3218 2062 3266 libris
2094 3220 2155 3269 de
2190 3223 2461 3273 scribendis
2497 3226 2591 3274 sibi

1570 3296 1888 3353 grammaticis
1914 3294 2068 3357 dixit;
2090 3300 2251 3348 malim
2271 3302 2417 3367 igitur
2434 3304 2592 3353 disce-

1568 3378 1675 3417 mu's
1696 3406 1711 3429 ‚
1730 3373 1808 3420 vel
1838 3386 1893 3424 ut
1916 3376 2178 3426 Gulielmio
2197 3381 2439 3445 placuisse
2458 3386 2591 3433 Gru·-

1570 3460 1701 3497 tems
1727 3452 1792 3499 nit
1805 3488 1819 3511 ‚
1851 3453 2094 3505 discimus.

1644 3530 1691 3577 8.
1734 3532 1928 3581 rethor.
1964 3538 2263 3585 constructio
2277 3574 2294 3595 ,
2324 3556 2441 3607 quoe
2463 3541 2597 3605 fitcie

1570 3624 1735 3656 omnes
1750 3622 1922 3673 partes
1945 3629 2021 3663 or.
2050 3632 2146 3678 aeq.
2164 3619 2446 3683 perpolitus.
2473 3623 2591 3672 Sch.

1572 3708 1597 3727 ιι
1616 3690 1917 3738 constructio
1954 3692 2255 3755 aequabiliter
2285 3697 2524 3762 perpolita
2544 3724 2591 3769 ”t

1568 3768 1690 3814 Hoec-
1712 3769 1855 3817 verba
1870 3806 1885 3830 ,
1902 3772 2087 3835 inquit,
2123 3794 2146 3816 ιε
2164 3790 2274 3839 quae
2297 3776 2411 3823 facit
2426 3794 2597 3828 omnes

1566 3856 1727 3908 partes
1758 3850 1993 3898 orationis
2014 3872 2036 3894 ι
2066 3852 2247 3902 absunt
2283 3871 2309 3903 ι
2351 3857 2465 3905 cod.
2490 3856 2594 3909 Erf.

1567 3925 1743 3974 Duisb.
1762 3928 1897 3977 Leid.
1927 3944 1972 3988 1,
1998 3940 2027 3987 4
2045 3966 2059 3989 ,
2078 3932 2223 3980 Voss.
2240 3950 2269 3981 α
2294 3935 2365 3997 (et
2384 3936 2593 3987 Medici.

1574 4004 1728 4067 1498)
1744 4038 1759 4062 ,
1780 4015 1829 4051 et
1847 4006 2187 4072 interpolatori
2210 4000 2462 4063 debentur.
2488 4016 2594 4079 Qui

1564 4076 1799 4130 omittunt
1812 4118 1830 4143 ‚
1852 4084 2023 4149 legunt
2048 4088 2191 4136 etiam
2211 4091 2478 4154 perpolita.
