2982 4682
687 411 812 478 AD
861 399 1452 486 HERENNIUM,
1497 410 1759 477 LIBER
1808 411 1947 492 III,
1994 405 2099 479 15.
2312 414 2441 505 147

311 533 480 604 dam
523 529 950 602 debebimus
991 529 1418 600 hilaritatem
1453 521 1893 626 significare,
1929 533 2080 604 sine
2119 557 2446 605 commu-

313 644 590 713 tatione
617 656 880 738 gestus.
915 641 988 710 Si
1014 639 1611 711 contendemus¹⁰
1639 665 1769 738 per
1796 643 2455 732 continuationem3

317 749 617 820 brachio
652 748 904 836 celeri,
931 747 1421 824 mobilivultu
1441 802 1460 834 ‚
1481 753 1625 820 acri
1659 764 1955 849 aspectu
1989 766 2311 823 utemur:
2343 756 2455 824 sin

321 862 698 932 contentio
735 857 864 930 fiet
903 883 1032 955 per
1074 856 1705 947 distributionem;
1753 859 1971 932 celeri
2013 861 2458 958 projectione

323 971 710 1057 brachii¹¹,
765 967 1377 1056 inambulatione,
1418 969 1627 1067 pedis
1681 969 1913 1040 dextri
1958 995 2118 1042 rara
2159 971 2462 1069 supplo-

325 1083 566 1165 sione,
597 1080 742 1150 acri
778 1093 848 1150 et
875 1075 1116 1148 defixo
1135 1093 1428 1176 aspectu
1453 1079 1559 1148 uti
1582 1078 1969 1176 oportebit.
2007 1083 2146 1152 Si¹²
2178 1096 2467 1153 utemur

327 1187 890 1286 amplificatione
917 1213 1046 1285 per
1067 1187 1642 1258 cohortationem
1665 1185 1750 1276 ¹³,
1779 1190 2026 1288 paullo
2052 1189 2368 1263 tardiore
2398 1204 2472 1262 et

327 1301 887 1372 consideratiore
922 1312 1126 1396 gestu
1147 1293 1212 1352 ¹4
1249 1301 1631 1369 conveniet
1661 1303 1804 1386 uti,
1836 1299 2187 1372 similibus
2216 1301 2470 1372 ceteris

331 1405 658 1494 rebus1‘⁵‚
712 1424 932 1507 atque
983 1409 1058 1478 in
1105 1411 1573 1478 contentione
1627 1433 1758 1505 per
1802 1411 2469 1482 continuationem:

333 1521 391 1590 si
422 1538 714 1590 utemur
741 1515 1302 1615 amplificatione
1334 1541 1463 1614 per
1500 1520 2143 1616 conquestionem,
2180 1517 2475 1592 feminis

331 1623 787 1728 plangorem,
847 1641 921 1698 et
973 1629 1226 1725 capitis
1282 1631 1466 1714 ictu,
1522 1651 2047 1726 nonnunquam
2112 1627 2360 1701 sedato
2408 1643 2482 1701 et

335 1739 694 1809 constanti
732 1753 974 1834 gestu,
1011 1752 1275 1808 moesto
1305 1752 1378 1809 et
1413 1737 1849 1809 conturbato
1890 1739 2093 1811 vultu
2123 1743 2230 1811 uti
2258 1765 2479 1840 opor-

337 1850 540 1920 tebit.
585 1851 749 1919 Non
786 1871 946 1920 sum
976 1849 1257 1918 nescius
1276 1902 1295 1935 ,
1325 1862 1679 1944 quantum
1708 1853 2143 1945 susceperim
2173 1849 2483 1947 negotii,

337 1962 466 2056 qui
503 1974 743 2030 motus
763 1959 1090 2055 corporis
1115 1963 1523 2056 exprimere
1548 1957 1812 2044 verbis,
1840 1959 2102 2028 imitari
2130 1961 2485 2056 scriptura

338 2083 644 2141 conatus
668 2071 801 2138 sim
828 2090 1059 2138 voces.
1079 2071 1350 2138 Verum
1391 2089 1527 2137 nec
1566 2064 1705 2136 hoc
1736 2065 2051 2136 confisus
2083 2092 2243 2137 sum
2274 2091 2484 2166 posse

338 2177 546 2264 fieri,
595 2193 676 2249 ut
725 2178 816 2248 de
861 2177 974 2247 his
1021 2175 1241 2247 rebus
1297 2177 1464 2246 satis
1512 2174 1895 2246 commode
1944 2175 2156 2247 scribi
2206 2191 2486 2276 posset3

343 2315 510 2376 nec,
533 2293 592 2360 si
614 2288 690 2359 id
715 2287 873 2360 fieri
906 2312 1055 2359 non
1092 2301 1372 2385 posset,
1408 2285 1586 2373 hoc,
1614 2284 1813 2385 quod
1845 2283 2015 2374 feci,
2048 2284 2203 2359 fore
2232 2287 2487 2361 inutile

345 2400 724 2511 putabam,
772 2412 1158 2497 propterea
1206 2397 1406 2493 quod
1460 2396 1580 2466 hic
1637 2396 2029 2469 admonere
2084 2397 2487 2487 voluimuS,

423 2584 504 2618 ιο.
523 2569 576 2617 se·
587 2567 950 2623 contendemus.
975 2568 1050 2614 De
1073 2566 1380 2615 contentione

343 2651 466 2715 quid
491 2650 582 2705 sitz
603 2650 718 2697 item
749 2648 811 2695 de
830 2645 1194 2695 continuatione
1211 2656 1260 2695 et
1287 2644 1382 2695 de‘s·

345 2728 612 2780 tributione
641 2728 830 2791 respice
854 2742 901 2775 e.
943 2726 1024 2774 13.

429 2822 449 2857 t
465 2825 487 2857 ι
498 2844 511 2855 .
529 2802 836 2871 ijeett‘one
849 2803 1056 2853 brachii.
1072 2803 1254 2867 Scripsi
1266 2818 1381 2867 pro-

343 2890 584 2951 iectione,
604 2903 698 2952 pro
719 2884 1032 2952 porrectione
1047 2918 1062 2941 ,
1087 2900 1232 2931 seusu
1260 2892 1310 2930 et
1327 2898 1378 2931 re

347 2968 634 3033 postulante
647 3002 664 3028 ,
678 2982 734 3015 ex
755 2967 890 3013 Oret.
915 2980 960 3011 e.
990 2964 1049 3010 18
1061 2998 1077 3021 ,
1097 2962 1184 3010 ubi
1207 2962 1380 3010 Cicero

349 3046 546 3097 brachii
567 3046 922 3111 projectionem
959 3045 1012 3090 in
1049 3042 1379 3089 contentioni·

347 3129 447 3176 bus
473 3126 692 3189 requirit.
719 3126 925 3172 Eum—
940 3124 1058 3169 Post
1077 3120 1379 3168 Lambiuum.

353 3210 431 3255 De
455 3220 510 3254 re
535 3205 600 3252 cs.
633 3204 742 3253 cie.
773 3204 912 3250 Brut.
936 3216 980 3247 c.
1009 3202 1090 3247 80.
1129 3202 1299 3246 Wuz.

437 3300 519 3332 ια.
548 3281 604 3331 Sa‘
631 3294 837 3330 utemur.
859 3280 1048 3343 Vulgo,
1074 3278 1170 3325 sin.
1192 3277 1287 3324 Sed
1310 3289 1382 3325 eet

353 3365 550 3413 initium
575 3378 719 3409 πονε
756 3358 1034 3425 partitionis
1057 3392 1074 3417 ‚
1107 3368 1162 3404 ut
1199 3366 1310 3404 ante
1338 3354 1386 3403 si

353 3442 721 3491 contendemus.
757 3442 974 3487 Reum.
1278 3480 1283 3486 .

439 3524 520 3571 13.
559 3519 956 3587 Ample‘ficatt'one
977 3528 1070 3579 per
1093 3512 1384 3560 cohortatio-

359 3620 492 3651 nem.
523 3602 659 3663 Quid
685 3600 750 3646 sit
774 3594 1089 3665 amplificatio
1105 3629 1120 3651 ,
1153 3592 1273 3657 quid
1302 3608 1383 3639 co-

357 3680 602 3741 hortatio,
631 3690 678 3726 et
713 3678 860 3743 paulo
885 3675 1086 3723 inferius
1115 3677 1388 3735 conquestio

361 3778 492 3823 resp.
523 3776 566 3807 c.
603 3760 681 3806 13.

441 3856 460 3885 ι
472 3838 702 3896 amaedeo
719 3832 929 3885 tardiore
947 3843 995 3881 et
1011 3828 1393 3879 consideratiore

355 3932 518 3986 gestu.
536 3914 822 3967 cavendum
843 3924 914 3961 est
931 3912 1058 3959 euim
1079 3926 1156 3967 ue,
1174 3908 1290 3955 dum
1308 3907 1388 3954 nd-

365 3998 564 4047 versarii
613 4006 872 4061 peccatum
915 3988 1265 4054 amplificantes
1317 3986 1390 4034 iu·

363 4080 546 4143 stigare
581 4076 808 4124 volumus
841 4070 1088 4120 auditores
1112 4066 1178 4115 ad
1199 4066 1393 4114 iracun-

365 4158 498 4205 diam
514 4191 531 4216 ,
555 4152 650 4219 ipsi
672 4152 862 4215 abrepti
879 4148 1132 4197 videamur
1155 4159 1256 4193 nou
1271 4158 1392 4207 pee-

1469 2557 1565 2605 cati
1590 2556 1734 2617 odio,
1748 2558 1835 2607 sed
1854 2558 2065 2609 vindic-tn
2086 2559 2290 2625 privata.
2311 2558 2489 2610 Wrrz.

1550 2650 1567 2684 Ι
1582 2637 1630 2687 5.
1669 2636 1910 2685 Similibus
1931 2638 2279 2689 eeeenknhus.
2305 2659 2328 2682 ιι
2344 2640 2494 2689 Simi-

1469 2714 1565 2763 lius
1591 2716 1762 2763 ceteris
1794 2716 1973 2763 rebus·
2003 2716 2150 2764 codd.
2172 2716 2201 2761 3
2228 2733 2309 2781 ap.
2331 2719 2492 2770 Graev.

1471 2794 1696 2842 sirniliter
1713 2796 1791 2841 ed.
1810 2794 1948 2843 Med.
1976 2796 2126 2857 1498.

1548 2874 1629 2921 16.
1654 2872 1861 2919 Feminis
1880 2872 2133 2937 plangore.
2158 2874 2256 2921 Pro
2293 2873 2493 2939 vulgato

1469 2972 1495 2991 α
1510 2951 1720 2997 femineo
1764 2948 2001 3013 plangore
2017 2971 2058 2999 ιι.
2087 2952 2289 3014 Semper
2310 2966 2387 2999 me
2414 2952 2494 3000 of-

1469 3028 1625 3085 fendit
1653 3050 1677 3069 ι
1698 3028 1931 3076 femineus
1966 3028 2174 3093 plangor
2190 3051 2241 3087 a,
2266 3031 2353 3095 qui
2382 3046 2494 3079 ora·

1473 3110 1569 3156 tori
1596 3106 1733 3155 nullo
1764 3106 1916 3155 modo
1950 3106 2217 3159 convenit:
2240 3118 2290 3156 et
2326 3112 2493 3173 putavi

1469 3184 1781 3234 scribendum
1820 3202 1922 3233 esse
1946 3185 2177 3233 «semoris
2214 3184 2419 3251 plangor
2434 3211 2460 3230 ιο
2479 3224 2497 3249 ,

1470 3280 1621 3328 quum
1653 3284 1674 3305 a
1689 3266 1937 3330 percussio
1954 3264 2187 3312 femoris»
2206 3264 2257 3312 in
2284 3266 2494 3314 oratori·

1473 3346 1564 3393 bus
1586 3354 2017 3402 commemoretur,
2032 3354 2081 3390 et
2100 3344 2151 3391 in
2175 3346 2306 3408 gravi
2326 3344 2500 3395 dolore

1473 3426 1703 3473 virorum.
1747 3424 1843 3472 Sed
1875 3440 2025 3489 quum
2062 3426 2283 3473 Graeviue
2324 3426 2375 3474 iu
2404 3429 2497 3476 MS

1472 3507 1575 3554 Ers.
1600 3506 1831 3570 repererit
1840 3502 2074 3569 seminis,
2102 3504 2154 3552 id
2175 3504 2279 3553 siue
2298 3506 2499 3555 haesita-

1474 3587 1607 3633 tione
1662 3584 1838 3647 recepi.
1872 3583 2002 3630 Vide
2030 3584 2206 3648 ipsum.
2244 3566 2502 3649 plangoris

1477 3665 1700 3721 verbum,
1724 3674 1777 3710 ut
1802 3662 1928 3709 bene
1957 3658 2124 3709 monet
2148 3662 2395 3716 Graevius,
2414 3664 2501 3711 de-

1478 3746 1606 3808 cepit
1636 3742 1883 3799 homines,
1906 3738 2043 3803 quod
2062 3740 2338 3787 nesciebant
2354 3741 2500 3789 libra-

1479 3824 1537 3870 rii
1568 3838 1661 3887 pro
1690 3821 2000 3885 percussione
2014 3819 2214 3885 proprie
2235 3818 2351 3867 dici.
2374 3822 2501 3869 Mox

1479 3926 1505 3945 κ
1526 3910 1729 3949 conatus
1765 3915 1871 3947 eum
1895 3918 1917 3938 ι
1954 3898 2119 3961 plures
2156 3898 2281 3946 MSS
2301 3908 2357 3945 et
2386 3898 2499 3948 edd.

1455 3982 1640 4055 ‘placet
1654 3980 1785 4027 Oud.
1806 3976 2178 4051 Eam—Quint.
2201 3976 2297 4032 XI,
2322 3978 2378 4024 3:
2397 3998 2421 4017 u
2437 3977 2504 4024 fe-

1478 4077 1590 4107 mur
1614 4060 1778 4116 ferire,
1799 4056 1887 4111 ait,
1918 4068 1964 4103 et
1991 4054 2223 4103 usitatum
2241 4065 2328 4113 eet,
2348 4066 2395 4102 et
2424 4056 2501 4103 in·

1481 4140 1733 4202 dignantes
1747 4136 1902 4193 decet,
1914 4144 1965 4181 et
1977 4134 2159 4184 excitat
2169 4132 2445 4185 auditorem
2457 4157 2501 4186 a,

2158 4244 2261 4290 10.
