2982 4682
715 377 845 445 An
886 372 1473 460 HERENNIUM,
1523 372 1788 444 LIBER
1831 377 1900 460 1,
1935 370 2002 442 3.
2377 400 2428 471 9

304 496 523 571 cendo
579 495 889 569 velimus
936 493 1197 569 esse13.
1256 497 1688 570 Exercitatio
1734 510 1844 565 est
1875 493 2201 566 assiduus
2253 521 2426 569 usus

308 605 903 703 consuetudoque
934 604 1241 678 dicendi.
1282 599 2095 701 (111.)Quoniam'igitur
2127 605 2428 678 demon-

302 733 593 790 stratum
624 719 837 802 est¹⁴‚
864 741 1045 815 quas
1073 737 1320 788 causas
1357 729 1721 787 oratorem
1761 706 2189 813 recipere¹⁵‚
2227 742 2432 814 quas-

302 851 437 925 que
482 852 602 898 res
650 824 921 898 habere
963 821 1485 915 conveniretffi,
1529 849 1769 913 nunc,
1813 825 2428 922 quemadmodum

301 937 387 1009 ad
414 939 817 1009 orationem
842 938 1124 1034 possint
1146 945 1205 991 ¹⁷
1236 936 1556 1028 ‚oratoris
1593 932 1828 1006 officia
1865 935 2431 1027 accommodari,

304 1046 687 1120 dicendum
714 1046 1021 1118 videtur.
2191 1037 2197 1042 ’

390 1159 513 1226 ΙΙΙ.
538 1159 875 1228 Iuventio
900 1158 976 1228 in
1005 1181 1129 1228 sex
1162 1171 1402 1254 partes
1434 1156 1823 1227 orationis1
1845 1158 2318 1242 consumitur,
2351 1156 2430 1226 in

304 1266 669 1362 exordium
688 1277 747 1355 ²,
772 1269 1285 1353 narrationem,
1311 1266 1762 1353 divisionem,
1781 1263 2430 1352 confirmationem,

302 1375 892 1466 confutationem,
922 1378 1466 1450 conclusionem
1483 1368 1538 1445 3.
1584 1376 1980 1449 Exordium
2022 1390 2132 1450 est
2165 1378 2429 1476 princi·

302 1598 658 1647 neeessariam:
684 1597 871 1664 quippe
902 1615 1046 1663 quem
1086 1599 1318 1664 eloquen-

304 1677 380 1724 tiae
396 1679 679 1743 magistrum
699 1678 876 1728 Cicero
894 1694 1021 1743 sape
1044 1678 1190 1727 dixit.
1212 1681 1321 1726 Gu-

302 1771 564 1806 mmrus.
579 1782 653 1794 -
671 1754 867 1806 Sebiits.
888 1757 1036 1806 habet
1056 1756 1317 1822 deligendi.

372 1831 446 1885 13.
476 1835 693 1884 Velimus
715 1851 835 1884 esse.
863 1839 1055 1886 Primus
1080 1836 1215 1886 dedit
1231 1837 1320 1886 AJ-

304 1913 402 1962 dus.
420 1917 548 1964 MSS
569 1915 725 1962 nostri
744 1925 795 1962 et
822 1914 935 1976 alii,
956 1917 1073 1964 item
1095 1917 1209 1964 edd.
1234 1934 1316 1982 pr.

301 1992 467 2043 babent
502 1995 797 2054 valeamus,
833 1995 983 2059 idque
1019 1997 1173 2061 recipi
1213 1996 1317 2044 vult

303 2073 523 2122 Oudeud.
544 2075 679 2123 Eunt.

222 2147 233 2154 ’
371 2161 447 2209 14.
504 2151 751 2218 Quoniam
806 2151 965 2218 igitur
1014 2153 1317 2201 demonstra-

304 2242 393 2280 tum
426 2245 518 2281 ese.
566 2233 700 2280 Tota
738 2231 843 2280 haec
887 2231 1100 2280 clausula
1141 2243 1216 2281 est
1254 2231 1315 2280 ab

302 2312 640 2378 interpretibus
670 2327 685 2361 ε
728 2323 814 2361 aut
844 2312 1011 2377 potius
1028 2347 1043 2372 ,
1067 2311 1192 2360 liber
1224 2312 1317 2361 iste

300 2391 349 2439 iu
376 2394 629 2457 epitomen
664 2391 889 2440 redactus
921 2401 994 2439 est
1026 2390 1089 2439 ab
1127 2391 1313 2455 aliquo.

302 2471 425 2533 Quid
452 2472 587 2521 enim
616 2470 874 2519 absurdius
902 2471 997 2519 bac
1024 2470 1316 2535 recapitula-

300 2550 453 2609 tione,
470 2566 631 2615 quum
652 2548 811 2597 tribus
831 2551 1025 2612 punctis
1046 2564 1131 2597 sua
1154 2548 1317 2597 omnia

300 2628 379 2677 vix
417 2630 628 2695 signarit
642 2663 657 2689 ,
706 2628 883 2677 nedum
936 2622 1320 2677 demonstrarit?

302 2708 375 2757 Sic
394 2719 441 2757 et
461 2709 591 2757 infra
608 2742 624 2765 ‚
643 2707 730 2755 ubi
750 2718 855 2756 est:
878 2729 899 2751 ι
920 2708 1065 2757 Nunc
1084 2708 1317 2771 quoniam

299 2802 412 2848 una,
428 2798 522 2838 etc.
546 2810 571 2832 n
598 2788 741 2839 Nihil
764 2787 982 2836 odiosius
1005 2797 1077 2835 est
1101 2787 1186 2835 tali
1202 2787 1319 2835 insi-

298 2868 515 2918 nuatioue
534 2905 551 2931 ,
577 2869 685 2942 ¹²9⁰
710 2867 765 2915 iu
790 2866 1056 2915 breviculo.
1084 2865 1318 2929 Idemque

298 2956 453 3009 postea
476 2946 665 2995 millies
702 2946 944 3004 occurrit,
970 2960 1075 2992 non
1106 2944 1211 2992 sine
1236 2944 1316 2991 in-

299 3024 507 3073 credibili
523 3026 776 3074 lectos-um
794 3022 989 3071 fastidio
1004 3056 1019 3083 ,
1031 3039 1141 3073 meo
1158 3034 1312 3072 certe:

300 3119 431 3167 quem
456 3104 617 3169 pudet
646 3103 878 3169 pigetque
904 3114 1002 3150 tam
1026 3102 1202 3150 multas
1228 3103 1317 3151 bo·

298 3198 378 3231 uas
392 3184 537 3232 boras
549 3182 915 3246 consumpsisse
931 3183 984 3229 in
1002 3192 1101 3229 tam
1118 3181 1318 3229 turbido

300 3260 413 3311 lacu.
436 3262 535 3312 Sed
557 3261 691 3327 qnid
713 3262 942 3310 faciamus
957 3260 981 3308 i·
1001 3262 1129 3324 Quia
1151 3261 1317 3309 Tullio

300 3340 515 3402 when-et,
536 3341 638 3389 tale
666 3340 790 3404 quid
816 3341 863 3389 ei
882 3338 1095 3388 dandum
1116 3338 1319 3388 videba-

301 3428 385 3467 tur.
416 3421 479 3468 Et
520 3436 648 3469 vero
678 3420 734 3467 in
761 3419 899 3468 libris
927 3417 1281 3484 posterioribus
1299 3453 1316 3479 ,

300 3496 461 3562 diguus
519 3509 599 3548 est
664 3498 793 3547 ferre
854 3514 1035 3547 nomen
1086 3496 1318 3545 Tullium.

298 3578 585 3626 (huruuua.

365 3656 442 3706 15.
458 3656 721 3722 Recipere.
742 3654 874 3703 Edd.
912 3655 1051 3705 Med.
1094 3665 1145 3703 et
1185 3654 1317 3718 1476

297 3733 405 3783 add.
427 3744 689 3800 oporteat,
710 3734 827 3781 satis
848 3733 1121 3783 commode.

366 3814 443 3860 ιδ.
473 3811 792 3861 conveniret.
823 3813 1047 3863 Graevius
1098 3814 1321 3862 correxit

296 3893 570 3951 conveniat,
592 3890 737 3957 qnod
753 3890 939 3941 habeut
957 3892 1153 3956 quidam
1172 3892 1319 3941 codd.

297 3986 382 4018 ser.
408 3982 457 4019 et
496 3970 619 4020 edd.
662 3972 721 4018 iu
760 3970 839 4018 bis
880 3972 1016 4021 Med.
1049 3971 1321 4037 probatque

298 4050 520 4101 Oudend.
570 4049 677 4100 Sed
723 4061 995 4115 temporum
1047 4054 1172 4099 ratio
1222 4068 1321 4099 non

1402 1609 1455 1648 ot
1477 1596 1710 1648 Oudend.
1741 1598 1939 1648 eredere
1973 1597 2138 1648 malim
2165 1613 2312 1663 quam
2336 1601 2429 1647 Er-

1404 1680 1563 1727 nestio
1583 1693 1598 1728 :
1622 1694 1735 1726 nam
1757 1678 1895 1742 quod
1918 1680 2255 1738 conveniebat,
2276 1695 2428 1743 quum

1402 1758 1596 1823 scripsit
1613 1769 1804 1816 auctor,
1821 1773 1952 1805 nunc
1970 1774 2168 1822 quoque
2190 1759 2429 1809 convenit.

1402 1837 1597 1902 Logicae
1618 1837 1766 1901 igitur
1792 1837 1970 1884 rationi
1997 1839 2150 1902 magis
2173 1850 2430 1887 cousenta-

1400 1933 1491 1965 nea
1535 1917 1716 1964 Graevii
1740 1917 1886 1966 lectio
1907 1933 1922 1976 ς
1949 1918 2203 1966 Ernestina
2227 1919 2430 1968 sortasse

1402 1996 1582 2043 rationi
1609 1996 1951 2059 grammatica.

1477 2091 1558 2136 17.
1589 2073 2008 2138 Quemadmodum
2045 2075 2120 2123 ad
2155 2073 2426 2124 orationem

1390 2152 1602 2216 possint.
1650 2156 1722 2203 Ita
1771 2153 1923 2202 editio
1971 2154 2187 2202 Victorii
2209 2188 2224 2213 ,
2271 2171 2429 2218 neque

1400 2231 1541 2280 aliter
1571 2232 1690 2282 Pau.
1723 2233 1928 2298 aliquot.
1961 2235 2124 2283 Ceteri
2151 2232 2390 2281 rationem
2409 2267 2426 2294 ,

1400 2311 1496 2359 nisi
1527 2311 1662 2377 quod
1693 2313 1909 2377 primus,
1941 2335 1966 2355 .-
1991 2311 2055 2360 ad
2094 2312 2426 2361 inventionem

1398 2392 1592 2457 possint
1609 2413 1654 2452 n,
1673 2409 1773 2442 sec.
1793 2390 2241 2457 «quemadmodum
2261 2392 2424 2441 oratio

1398 2470 1461 2519 ad
1509 2472 1748 2520 rationem
1791 2472 2000 2521 oratoris
2046 2468 2200 2519 officii
2222 2506 2238 2531 ,
2283 2483 2378 2520 etc.
2405 2494 2430 2513 a

1400 2551 1663 2600 Lambinus
1715 2554 2049 2613 conjecturam
2102 2566 2238 2598 suam
2281 2551 2428 2601 nobis

1400 2630 1624 2692 objecit:
1662 2630 2117 2696 «quemadmodum
2157 2629 2221 2678 ad
2254 2629 2428 2679 inven-

1400 2711 1550 2758 tionis
1587 2710 1827 2760 rationem
1862 2712 2078 2775 possint,
2106 2721 2205 2758 etc.
2230 2731 2257 2751 ι·
2289 2710 2428 2759 Nihil

1400 2790 1577 2837 mutari
1611 2788 1790 2853 placet.
1823 2790 2021 2854 Quippe
2059 2788 2121 2837 ad
2159 2790 2427 2837 orationem

1400 2867 1554 2931 ipsam
1575 2870 1784 2916 oratoris
1797 2866 1956 2918 officia
1977 2867 2430 2928 accommodantur,

1400 2962 1552 3012 quum
1589 2946 1799 2995 traditur
1834 2946 2124 2995 inveniundi
2169 2948 2279 3005 via,
2322 2964 2432 3011 quae

1404 3026 1696 3091 eloquentia
1745 3035 1897 3075 mater
1940 3036 2033 3076 est.
2082 3028 2306 3076 Gonu..
2372 3052 2427 3062 —

1405 3104 1602 3155 schiitz.
1621 3106 1696 3153 ad
1712 3104 2048 3154 inventionem.
2069 3106 2338 3170 Rescripsi,
2353 3104 2430 3153 in·-

1406 3184 1541 3249 quit,
1584 3200 1679 3249 pro
1711 3185 1848 3249 vulg.
1882 3186 1957 3233 ad
1989 3183 2272 3233 orationem.
2302 3184 2428 3233 Nam

1405 3262 1759 3325 inventionem,
1800 3263 1936 3329 quod
1968 3265 2069 3326 jam
2102 3262 2339 3312 Lambino
2380 3274 2431 3311 et

1406 3341 1568 3392 Micb.
1596 3344 1748 3391 Bruto
1770 3342 1981 3407 placuit,
2012 3358 2166 3391 nexus
2196 3342 2430 3407 postulat.

1403 3419 1483 3469 Sic
1518 3421 1682 3469 statim
1718 3432 1888 3485 postea
1926 3436 1942 3469 ε
1989 3445 2014 3464 «ι
2034 3422 2097 3469 ad
2132 3421 2430 3471 inventionis

1404 3498 1644 3548 rationem
1671 3500 2029 3548 accommodari
2043 3522 2085 3547 ι».

1474 3580 1567 3627 111.
1593 3594 1636 3628 t.
1657 3582 1720 3627 In
1738 3595 1828 3627 sex
1840 3577 2161 3645 por-ationis.
2186 3578 2433 3627 Orationis

1405 3657 1543 3705 abest
1565 3674 1592 3707 a
1615 3656 1764 3707 codd.
1799 3656 2092 3722 quibusdam
2115 3667 2165 3704 ct
2189 3657 2268 3705 ed.
2294 3658 2432 3707 Med.

1411 3753 1433 3785 ι
1443 3744 1544 3799 474
1561 3754 1576 3798 ;
1595 3736 1754 3803 placet
1769 3724 2034 3787 Graevio'et
2054 3736 2281 3786 Oudend.
2301 3740 2432 3785 Eun.

1478 3831 1530 3864 a.
1585 3818 1646 3863 In
1705 3815 1982 3865 exordium.
2039 3819 2235 3865 Gruter.
2287 3816 2436 3865 habet

1406 3895 1666 3945 exordium
1682 3930 1698 3955 ,
1727 3896 1911 3943 omisso
1933 3894 2004 3945 in.

1480 3976 1532 4023 3.
1586 3974 1974 4025 Conclusionem.
2025 3972 2152 4023 Edd.
2197 3972 2334 4021 Med.
2385 3984 2434 4021 et

1416 4054 1552 4116 1476
1581 4066 1628 4101 ee
1653 4052 2038 4111 conclusionem,
2069 4051 2207 4100 male.
2245 4054 2436 4117 Saepius

300 4132 491 4192 patitur.
508 4133 651 4182 Eu.
683 4156 753 4167 ·-
768 4130 863 4177 Hic
880 4130 1105 4195 equidem
1126 4132 1324 4179 Graevio
1412 4132 1550 4180 adest
1575 4132 1628 4180 in
1652 4131 1729 4180 bis
1758 4131 1870 4182 edd.
1899 4131 2074 4197 copula
2092 4166 2106 4191 ,
2134 4146 2284 4193 quum
2306 4132 2431 4180 desit
