2982 4682
289 458 474 481 §m
477 455 664 478 mm
667 455 2430 484 mmmmmmmmfi

799 632 1917 796 ARGUMENTUM

538 941 596 1008 E
640 938 1055 1010 scnurzu
1101 884 1547 1010 EmTloNE
1595 939 2183 1012 DESUMPTUM.

291 1155 364 1210 In
405 1149 560 1210 libro
587 1163 802 1230 quarto
839 1162 1064 1220 auctor,
1095 1151 1374 1230 quoniam
1407 1151 1482 1211 de
1524 1151 1857 1210 elocutione
1897 1163 2133 1212 acturus
2149 1192 2165 1220 ,
2208 1163 2268 1208 et
2314 1152 2433 1209 suis

371 1267 634 1328 quasque
660 1247 1028 1308 definitiones
1055 1267 1332 1328 generum
1357 1248 1590 1308 dicendi
1620 1261 1681 1308 et
1706 1249 2027 1329 figurarum
2044 1293 2061 1322 ,
2101 1269 2146 1308 s.
2176 1266 2427 1307 exorna-

345 1344 631 1418 ·tionum,
655 1363 778 1403 non
815 1344 1048 1405 aliunde
1093 1347 1317 1425 petitis,
1362 1347 1755 1408 illustraturus
1794 1346 2075 1425 exemplis
2110 1358 2271 1418 erat,
2304 1365 2431 1404 eam

374 1453 568 1500 autem
595 1461 720 1500 rem
748 1439 1068 1502 abhorrere
1101 1439 1465 1524 intelligebat
1489 1461 1523 1503 a
1552 1455 1881 1503 ceterorum
1917 1443 2057 1502 artis
2080 1431 2432 1521 scriptorum

375 1536 810 1610 consuetudine,
837 1557 906 1597 ac
928 1551 1242 1617 propterea
1269 1541 1396 1598 fore
1410 1583 1426 1613 ‚
1445 1539 1597 1598 utin
1620 1559 1822 1598 eorum
1852 1538 2214 1617 aliorumque
2238 1557 2433 1616 repre·

377 1633 716 1692 hensionem
739 1634 1092 1712 incurreret,
1109 1637 1463 1714 praefationis
1485 1637 1653 1710 loco,
1681 1655 1810 1715 cap.
1844 1655 1949 1709 1-·7
1966 1679 1984 1709 ,
2017 1656 2137 1715 quo
2167 1635 2435 1704 consilio,

376 1729 708 1809 quibusque
759 1731 1084 1790 rationibus
1130 1731 1340 1791 ductus
1389 1755 1424 1792 a
1461 1733 1839 1811 *reliquorum
1884 1751 2047 1791 more
2098 1715 2436 1799 recesserit,

379 1827 649 1887 ostendit.
686 1833 776 1887 Ac
803 1828 1054 1906 primum
1097 1830 1334 1907 quidem
1363 1849 1563 1889 causas
1600 1830 1873 1908 exponit,
1905 1825 2151 1907 propter
2180 1849 2323 1908 quas
2350 1828 2437 1886 illi

379 1935 679 1982 auctorem
699 1925 837 1983 artis
867 1925 1172 1984 rhetoricae
1193 1945 1314 1984 non
1339 1927 1460 1985 suis
1478 1969 1496 1998 ,
1522 1925 1625 1984 sed
1654 1925 1857 1984 alienis
1882 1938 2183 1983 oratorum
2210 1941 2269 1984 et
2289 1945 2437 2003 poe-

382 2031 570 2078 tarum
593 2021 871 2102 exemplis
895 2023 980 2080 uti
1000 2033 1273 2102 oportere
1300 2037 1526 2102 putent,
1539 2041 1663 2102 cap.
1689 2042 1752 2097 ας
1782 2021 1889 2081 has
1912 2021 2123 2080 deinde
2144 2021 2433 2101 sigillatim

383 2116 627 2189 refutat,
649 2137 776 2193 cap.
802 2119 856 2192 3,
884 2129 951 2192 43
988 2130 1110 2177 tum
1138 2119 1596 2200 quaedam‚.quae
1622 2100 1933 2196 separatim
1962 2131 2167 2177 contra
2195 2137 2295 2176 eos
2321 2116 2437 2176 dici

381 2212 639 2290 possint,
671 2215 877 2287 affert3
907 2215 988 2274 ita
1024 2228 1090 2274 ut
1120 2217 1374 2294 primum
1392 2259 1408 2284 ,
1432 2217 1480 2275 si
1508 2215 1791 2274 concedat
1826 2216 2016 2274 aliena
2042 2228 2315 2294 oportere
2345 2234 2437 2272 as—

379 2329 608 2371 sumere
634 2312 924 2392 exempla,
954 2313 1123 2373 unius
1145 2311 1396 2373 auctoris
1420 2315 1695 2393 oportere
1723 2313 1918 2372 vincat
1937 2359 1954 2388 ,
1978 2331 2107 2391 cap.
2135 2313 2196 2385 53
2223 2311 2435 2371 deinde

383 2410 620 2467 omnino
641 2410 875 2469 aliunde
897 2410 1174 2469 sumenda
1202 2432 1323 2470 non
1349 2432 1501 2485 esse,
1534 2412 1815 2480 ostendit,
1838 2430 1965 2497 cap.
1990 2410 2045 2469 6.

461 2510 592 2565 Jam
649 2508 912 2585 sequitur
967 2508 1096 2587 ipsa
1149 2509 1222 2567 de
1281 2510 1612 2569 elocutione
1657 2508 2007 2589 praeceptio,
2040 2528 2167 2587 cap.
2212 2509 2249 2565 8
2277 2523 2435 2585 seqq.

385 2604 524 2661 Eam
549 2604 688 2661 facit
713 2617 918 2663 auctor
943 2604 1301 2684 bipartitam.
1327 2607 1585 2665 Primum
1611 2607 1773 2678 dicit,
1797 2604 2009 2684 quibus
2033 2605 2099 2663 in
2130 2603 2438 2684 generibus

385 2700 573 2759 omnis
603 2702 860 2760 oratoria
887 2702 1140 2761 elocutio
1179 2703 1396 2763 ‘debeat
1420 2722 1581 2777 esse3
1614 2703 1719 2762 ubi
1748 2704 1866 2782 agit
1894 2702 1968 2760 de
2000 2700 2212 2780 genere
2245 2700 2440 2779 gravi,

387 2816 511 2874 cap.
530 2798 604 2869 83
634 2798 707 2857 de
731 2798 1037 2873 mediocri,
1071 2820 1199 2880 cap.
1231 2822 1307 2879 93
1351 2801 1425 2859 de
1455 2813 1752 2859 attenuato
1772 2842 1788 2871 ,
1822 2820 1950 2877 cap.
1975 2818 2045 2857 10
2070 2822 2088 2874 3
2126 2811 2438 2873 monetque

385 2890 556 2951 simul
584 2894 904 2953 cavendum
936 2915 1078 2970 esse,
1098 2917 1190 2969 ne,
1215 2897 1356 2956 dum
1381 2897 1509 2956 haec
1532 2916 1741 2974 genera
1772 2907 2193 2964 consectamur,
2224 2892 2284 2949 in
2310 2892 2442 2949 fini-

389 2989 526 3049 tima
553 3005 612 3050 et
637 2993 970 3071 propinqua
1001 2995 1141 3054 vitia
1177 2996 1497 3054 veniamus.
1534 2993 1804 3053 Ostendit
1838 2993 2018 3072 igitur
2048 2992 2209 3070 gravi
2242 2993 2439 3069 generi

386 3088 786 3166 propinquum
815 3108 938 3149 esse
968 3092 1258 3149 sufflatum
1279 3138 1296 3167 ,
1341 3091 1624 3150 mediocri
1654 3090 1937 3148 fluctuans
1966 3102 2025 3147 et
2058 3089 2399 3148 dissolutum
2422 3129 2439 3159 ,

388 3196 684 3242 attenuato
713 3184 940 3243 aridum
964 3198 1023 3245 et
1052 3206 1370 3264 exsangue,
1391 3206 1521 3266 cap.
1555 3206 1645 3244 11.

465 3281 692 3339 Deinde
719 3281 1076 3341 demonstrat
1114 3295 1340 3356 auctor,
1369 3302 1513 3361 quas
1552 3302 1645 3341 res
1684 3281 1903 3340 habere
1938 3279 2150 3341 debeat
2191 3280 2444 3338 elocutio

389 3378 696 3437 commoda
715 3393 774 3439 et
793 3380 1080 3458 perfecta,
1102 3400 1229 3459 cap.
1248 3402 1270 3437 1
1283 3400 1316 3438 α
1343 3401 1503 3458 seqq.
1523 3384 1665 3439 Tres
1684 3380 1961 3438 nimirum
1986 3378 2157 3437 resin
2182 3397 2243 3437 se
2266 3377 2442 3437 debet

387 3475 639 3549 habere3
666 3478 918 3554 primum
945 3478 1318 3556 elegantiam,
1340 3498 1469 3555 quae
1494 3478 1809 3550 latinitate,
1838 3477 1895 3535 h.
1926 3498 1977 3537 e.
1998 3496 2265 3535 sermone
2292 3496 2446 3554 puro

388 3586 448 3631 et
477 3594 511 3632 a
542 3572 908 3632 barbarismo
939 3593 1008 3632 ac
1038 3574 1359 3632 soloecismo
1387 3574 1609 3654 pariter
1642 3588 1897 3646 remoto,
1942 3587 2001 3632 et
2040 3573 2447 3651 explanatione

389 3669 775 3743 contineatur,
799 3690 930 3749 quae
961 3669 1274 3728 dilucidam
1303 3670 1512 3728 reddat
1538 3670 1861 3729 orationem
1900 3670 2123 3729 usitatis
2162 3668 2354 3727 verbis
2389 3680 2448 3725 et

386 3766 674 3844 propriis,
703 3786 830 3845 cap.
855 3786 957 3840 ¹²3
981 3765 1192 3825 deinde
1209 3766 1721 3844 compositionem,
1752 3766 1895 3825 ibid.
1927 3778 2225 3844 postremo
2248 3763 2445 3839 digni-

391 3874 596 3936 tatem,
627 3882 760 3940 quae
778 3863 992 3943 partim
1013 3882 1086 3921 ex
1108 3860 1440 3935 verborum,
1459 3864 1675 3941 partim
1702 3882 1737 3921 e
1766 3862 2176 3921 sententiarum
2205 3878 2450 3917 exorna-

392 3959 552 4017 tione
589 3961 855 4041 (σχῆμασι
879 3970 1053 4033 λέξεως
1089 3968 1176 4023 καὶ
1210 3959 1468 4041 διανοίας)
1503 3972 1909 4038 consequatur.
1950 3963 2155 4035 Itaque
2193 3955 2445 4035 primum

389 4054 704 4115 verborum
739 4058 1150 4115 exornationes
1175 4068 1611 4136 pertractantur
1636 4055 2030 4134 exemplisque
2060 4054 2449 4123 illustrantur,

391 4172 524 4230 quae
553 4164 692 4213 sunt
716 4152 987 4232 repetitio
1005 4196 1022 4227 ‚
1049 4152 1388 4226 conversio,
1422 4173 1550 4232 cap.
1583 4154 1689 4227 133
1718 4152 2083 4230 complexio,
2120 4149 2447 4224 traductio,
