2982 4682
1202 343 1301 410 M.
1351 345 1429 412 T.
1480 341 1975 412 CICERONIS

524 465 963 534 nominatur.
999 463 1442 562 Principium
1494 479 1645 554 est,
1684 483 1921 560 quum·
1973 459 2263 533 statim³
2309 460 2655 536 auditoris

524 574 844 644 animum
889 571 1101 644 nobis
1148 572 1493 646 idoneum
1530 571 1899 646 reddimus
1935 570 2025 644 ad
2066 569 2527 643 audiendum.
2570 573 2653 644 Id

521 683 622 752 ita
655 681 988 768 sumitur,
1024 697 1106 754 ut
1137 696 1485 772 attentos,
1520 697 1603 754 ut
1630 681 1899 754 dociles
1922 737 1942 770 ,
1972 695 2057 753 ut
2084 679 2507 753 benivolos4
2536 708 2655 754 au-

525 790 798 863 ditores
859 790 1128 864 habere
1182 793 1563 890 possimus.
1652 793 1723 864 Si
1784 815 2013 892 genus
2060 815 2287 864 causae
2346 791 2653 863 dubium

525 899 988 987 habebimu5‚
1023 926 1062 972 a
1098 900 1585 974 benivolentia
1616 904 2057 1001 principium
2094 904 2653 984 constituemus,

524 1035 621 1082 ne
659 1010 836 1110 quid
892 1011 1011 1084 illa
1064 1011 1531 1110 turpitudinis
1576 1011 1788 1112 pars⁵
1827 1012 2043 1085 nobis
2110 1011 2363 1085 obesse
2405 1016 2654 1113 possit.
2742 1057 2749 1066 ·

524 1125 650 1193 Sin
680 1122 950 1195 humile
980 1123 1114 1193 erit
1148 1122 1424 1220 genus⁶
1465 1149 1731 1214 causae,
1770 1121 2117 1196 faciemus
2145 1139 2481 1196 attentos.
2528 1125 2658 1196 Sin

526 1247 740 1330 turpe
781 1256 1007 1304 causae
1049 1257 1278 1331 genus
1317 1236 1526 1320 erit7,
1573 1237 2059 1308 insinuatione
2104 1233 2457 1306 utendum
2504 1248 2613 1307 est
2632 1291 2654 1322 ,

527 1341 618 1414 de
673 1366 818 1439 qua
871 1345 1230 1440 posterius
1269 1344 1626 1430 dicemus,
1661 1347 1793 1418 nisi
1840 1344 2021 1443 quid
2070 1337 2307 1418 nacti⁸
2348 1345 2615 1417 erimus
2634 1400 2656 1430 ,

527 1475 752 1549 quare
785 1451 1226 1526 adversarios
1257 1455 1748 1545 criminando,
1788 1454 2356 1528 benivolentiam
2398 1478 2656 1554 capere

469 1559 482 1568 ’
527 1565 886 1658 possimus
900 1575 952 1634 ⁹.
1017 1567 1140 1636 Sin
1184 1565 1575 1638 honestum
1622 1589 1853 1638 causae
1898 1589 2128 1665 genus
2176 1567 2345 1656 erit,
2412 1564 2657 1638 licebit

527 1684 724 1743 recte
758 1671 872 1744 vel
907 1674 1056 1760 uti,
1119 1675 1234 1745 vel
1275 1701 1425 1748 non
1463 1679 1573 1748 uti
1611 1677 1995 1775 principio.
2036 1678 2109 1747 Si
2144 1677 2251 1748 uti
2290 1677 2655 1764 volemuS,

529 1795 654 1851 aut
684 1779 759 1853 id
795 1781 1162 1881 oportebit
1180 1796 1243 1831 ¹⁰
1275 1786 1681 1873 ostendere,
1698 1811 1925 1884 quare
1960 1811 2173 1858 causa
2204 1787 2293 1857 sit
2319 1785 2656 1876 honesta,

529 1906 656 1963 aut
691 1890 1006 1966 breviter
1031 1950 1051 1983 ,
1099 1896 1365 1993 quibus
1402 1896 1495 1968 de
1537 1897 1757 1969 rebus
1800 1901 2021 1968 simus
2060 1896 2323 1968 dicturi
2349 1950 2368 1982 ,
2427 1918 2656 1992 expo-

527 2027 723 2074 nere.
769 2007 840 2075 si
877 2007 1236 2104 principio
1277 2008 1386 2077 uti
1425 2007 1789 2094 nolemus,
1827 2030 1868 2077 a
1894 2007 2086 2104 lege,
2124 2014 2229 2076 a¹¹
2269 2008 2656 2102 scriptura,

529 2126 655 2184 aut
700 2112 790 2185 ab
841 2115 1084 2212 aliquo
1113 2127 1171 2160 ¹²
1217 2115 1631 2188 firmissimo
1672 2132 1935 2189 nostrae
1973 2141 2203 2189 causae
2238 2114 2659 2211 adjumento

531 2224 972 2322 principium
1003 2249 1258 2323 capere
1277 2223 1340 2271 ¹³
1385 2226 1772 2325 oportebit.
1812 2229 2175 2317 Quoniam
2214 2227 2433 2322 igitur
2461 2223 2657 2296 doci-

601 2424 655 2473 3.
685 2423 881 2483 Statim,
905 2425 940 2473 i.
968 2440 1012 2473 e.
1023 2423 1266 2489 protinus,
1287 2436 1344 2475 ut
1363 2426 1466 2475 Cic.
1487 2426 1551 2475 de

533 2504 643 2551 Inv.
663 2504 714 2560 1,
740 2502 824 2550 15.
845 2504 960 2549 Seu.

605 2584 654 2641 4.
689 2584 753 2629 Ue
767 2590 1008 2637 attentos,
1035 2592 1088 2629 ut
1104 2581 1284 2629 dociles
1299 2616 1316 2639 ,
1339 2594 1393 2630 ut
1415 2582 1551 2630 beni·

535 2660 679 2708 volox.
706 2679 732 2700 ιι
748 2659 816 2706 Ut
840 2670 1080 2721 attentos,
1103 2660 1386 2721 benivolos,
1409 2662 1554 2711 doci-

530 2740 601 2787 les
625 2756 650 2781 ι
680 2737 762 2787 ed.
791 2739 941 2799 1476.

605 2817 656 2867 5.
693 2817 770 2865 Ne
803 2817 925 2881 quid
954 2816 1043 2865 illa
1078 2816 1384 2883 turpitudinis
1411 2835 1552 2883 pars.

533 2897 722 2962 Nempe
739 2913 846 2961 quae
861 2897 998 2945 estin
1014 2912 1187 2960 genere
1205 2913 1359 2946 ceusoe
1379 2895 1552 2946 dubio.

534 3000 560 3021 ιι
583 2980 699 3026 Pers
731 2974 1051 3040 turpitudinis
1069 2996 1096 3017 v·
1131 2974 1244 3024 cod.
1270 2978 1396 3041 Aug.
1442 2997 1465 3019 σε
1489 2992 1555 3025 ne

533 3056 654 3121 quid
679 3053 998 3119 turpitudinis
1027 3068 1140 3118 pers
1155 3054 1239 3102 illa
1257 3074 1278 3097 ι
1315 3056 1396 3105 ed.
1415 3055 1553 3104 Med.

535 3128 584 3185 et
601 3134 679 3184 ed.
704 3136 858 3196 1476.

605 3218 658 3265 6.
705 3213 788 3262 Sin
830 3210 1011 3260 humile
1043 3212 1136 3260 erit
1172 3228 1348 3279 genus.
1390 3216 1554 3263 Genus

533 3292 627 3341 erit
642 3292 758 3342 ΔΜ.

606 3390 654 3434 7.
674 3372 758 3419 Sin
779 3382 916 3435 turpe
939 3387 1100 3419 causae
1117 3388 1274 3437 gemas
1300 3370 1406 3421 erit.
1436 3372 1550 3423 Scb.

535 3451 668 3501 delet
700 3466 864 3499 causae
887 3464 1042 3514 genus
1081 3450 1174 3498 erit
1187 3484 1204 3511 ,
1241 3451 1376 3516 quod
1389 3486 1404 3511 ,
1443 3444 1551 3500 Ou-

535 3530 682 3580 dend.
709 3540 852 3588 teste,
877 3529 1060 3577 omittit
1081 3530 1225 3579 Voss.
1252 3532 1280 3578 3
1302 3546 1318 3589 ς
1337 3530 1550 3595 optime,

534 3610 727 3674 inquit3
766 3623 878 3656 uem
926 3604 1120 3655 inficets
1151 3618 1224 3657 est
1250 3609 1555 3673 frequentior

533 3689 709 3738 horum
723 3688 980 3735 verborum
994 3686 1337 3752 repetitio.—-
1347 3689 1398 3737 Si
1411 3700 1555 3753 turpe

531 3770 994 3832 eritgeuuscausae-‚
1011 3764 1419 3817 ed.Med.eted.1
1434 3768 1552 3827 476.

532 3876 605 3887 —-
624 3848 868 3897 Videntur
883 3847 1003 3895 mihi
1025 3846 1166 3894 inulti
1193 3845 1402 3893 editores
1425 3845 1553 3894 simi·

531 3930 651 3979 lium
670 3926 914 3976 vocalium
937 3940 1204 3974 concursus
1229 3922 1400 3971 sedulo
1421 3924 1547 3971 vitn-

531 4007 851 4073 visse‚quibus
861 4018 1018 4055 tamen
1028 4004 1232 4067 gaudere
1243 4004 1392 4066 magis
1402 4018 1545 4068 quam

535 4088 720 4137 offendi
737 4096 950 4135 veterum
969 4098 1106 4131 eures
1123 4082 1424 4131 crediderim.

1707 2419 1756 2466 8.
1781 2416 1937 2467 Nacti
1952 2417 2146 2466 erimus.
2176 2418 2256 2465 Sic
2281 2416 2415 2466 edidi
2438 2432 2532 2481 pro
2542 2414 2659 2482 sue-

1634 2496 1782 2546 rimus
1796 2515 1824 2545 e
1842 2499 1967 2546 MSS
1980 2508 2027 2545 et
2043 2496 2154 2545 edd.
2170 2496 2409 2562 antiquis,
2426 2508 2483 2546 ut
2504 2511 2524 2545 1
2536 2504 2657 2559 744,

1634 2576 1843 2627 Mediol.
1860 2578 2001 2625 Junt.
2018 2577 2146 2625 Eius.

1708 2672 1762 2720 9.
1797 2654 2176 2704 Benivolentiam
2202 2671 2375 2721 capere
2390 2653 2655 2721 possimus.

1636 2736 1719 2785 Sic
1737 2735 1981 2799 rescripsit
1999 2736 2116 2782 Ern.
2142 2752 2169 2783 e
2187 2734 2310 2784 MSS
2328 2748 2377 2785 et
2398 2734 2512 2785 edd.
2533 2745 2656 2783 vett.

1634 2815 1716 2865 Sic
1734 2826 1782 2864 et
1800 2820 1928 2879 Aug.
1950 2817 2037 2879 qui
2051 2814 2197 2863 babet
2214 2832 2390 2882 capere
2404 2814 2656 2881 oportebit.

1636 2896 1802 2959 Vulgo
1818 2906 2033 2959 captare.
2063 2898 2183 2943 Seu.

1715 2990 1796 3023 10.
1814 2976 1917 3023 Aut
1934 2974 1991 3022 id
2004 2974 2250 3039 oportebit.
2264 2972 2331 3021 Id
2342 2972 2521 3022 delevit
2539 2973 2654 3022 Sch.

1637 3070 1749 3104 cum
1768 3056 1885 3103 Em.
1914 3066 2157 3119 tamquam
2175 3054 2259 3102 bic
2280 3056 2512 3102 otiosum.

1712 3150 1795 3184 u.
1835 3136 1885 3181 A
1914 3134 2042 3201 lege,
2070 3150 2104 3180 a
2130 3133 2387 3199 scriptum.
2428 3132 2519 3179 Vel
2538 3132 2657 3179 scri-

1628 3226 1783 3279 ptum
1819 3214 1900 3263 etl.
1939 3214 2075 3264 Med.
2108 3212 2231 3261 «vel
2260 3228 2287 3259 ι
2318 3212 2487 3275 script.
2510 3210 2652 3259 ›ved-

1642 3294 1797 3355 1476.
1823 3322 1888 3331 —
1917 3297 1960 3340 A
1986 3292 2100 3340 loco
2136 3290 2385 3339 communi
2407 3290 2469 3338 de
2491 3290 2653 3352 legum

1635 3374 1973 3421 servandarum
1988 3407 2002 3427 ‚
2025 3382 2073 3420 et
2100 3372 2351 3435 scripturae
2367 3405 2384 3427 ,
2407 3369 2508 3416 sive
2531 3367 2654 3428 ejus,

1636 3452 1774 3517 quod
1797 3452 1972 3501 diserte
1994 3451 2046 3498 in
2067 3450 2197 3513 lege,
2224 3459 2511 3496 testamento
2524 3482 2538 3507 ,
2560 3457 2654 3498 etc.

1637 3531 1869 3595 scriptum
1922 3540 1995 3577 est
2013 3564 2028 3587 ,
2078 3526 2302 3575 servandi
2350 3526 2655 3575 necessitate.

1636 3610 1859 3658 Enusr.

1713 3702 1797 3737 η.
1829 3686 1933 3733 Aut
1953 3685 2022 3732 ab
2047 3682 2234 3747 aliquo.
2260 3682 2389 3733 Cod.
2416 3686 2507 3732 MS
2539 3685 2653 3748 qui-

1638 3764 1749 3813 dem
1772 3762 1890 3813 alio.
1917 3761 2012 3810 Sed
2039 3761 2161 3810 bene
2184 3760 2399 3809 defendit
2416 3764 2534 3813 Em.
2561 3762 2655 3810 ali-

1640 3860 1737 3908 quo
1748 3879 1764 3903 ,
1786 3841 1923 3907 quod
1936 3876 1951 3902 ,
1972 3850 2031 3891 ut
2052 3856 2204 3905 saepe,
2230 3840 2413 3889 dicitur
2434 3858 2529 3907 pro
2554 3841 2655 3889 alio

1638 3939 1752 3988 quo.
1782 3918 1901 3971 Seu.

1712 4003 1793 4051 13.
1847 3999 2145 4067 Principium
2198 4016 2387 4066 capere.
2450 3997 2652 4050 Schiitz.

1635 4082 1871 4131 «initium
1899 4096 2069 4145 capere
2088 4101 2137 4129 ιι.
2184 4080 2266 4128 Sic
2288 4078 2652 4130 rescribendum
