2982 4682
446 303 616 432 '432
1143 341 1239 410 M.
1286 341 1366 409 T.
1415 339 1908 411 CICERole

479 470 554 539 in
579 488 799 537 omne
828 485 1053 534 causae
1075 485 1303 560 genus
1334 458 1683 535 incidunt.
1713 464 1985 531 Eorum
2023 465 2513 537 mentionem²
2535 469 2612 540 in

480 572 947 672 conjecturali
966 573 1487 644 constitutione
1505 569 1832 642 fecimus.
1851 566 2314 646 Inductione3
2335 591 2608 668 autem,

478 711 709 785 quum
742 707 955 756 causa
984 681 1414 781 postulabit,
1454 697 1766 754 utemur.

575 801 765 867 XIX.
834 791 1041 892 (iux.)
1098 794 1346 882 Quum
1394 807 1641 864 autem
1689 794 1875 864 actio
1923 791 2448 868 translationis¹
2489 813 2614 870 aut

478 906 1067 980 commutationis
1136 902 1461 1001 indigere
1515 903 1839 992 videtur,
1897 904 2099 1001 quod
2160 931 2312 978 non
2362 923 2490 979 aut
2553 911 2614 982 is

478 1023 658 1116 agit,
683 1039 903 1114 quern
936 1027 1260 1112 oportet,
1297 1027 1423 1086 aut
1450 1039 1618 1085 cum
1652 1039 1773 1102 eo,
1802 1016 2098 1111 quicum
2125 1033 2414 1114 oportet
2437 1073 2457 1108 ,
2489 1034 2614 1090 aut

476 1129 675 1227 apud
705 1151 934 1226 quos,
975 1149 1119 1223 qua
1148 1122 1348 1221 lege,
1402 1149 1550 1220 qua
1587 1149 1837 1223 poena,
1883 1151 2036 1222 quo
2080 1129 2414 1217 crimine,
2461 1155 2614 1227 quo

480 1255 807 1336 tempore
867 1248 1192 1333 oportet,
1240 1235 1663 1305 constitutio
1727 1233 2144 1308 translativa
2193 1240 2615 1337 appellatur.

478 1349 713 1442 Hujus
738 1343 955 1417 nobis
986 1343 1317 1440 exempla
1342 1345 1708 1442 permulta
1731 1371 1918 1444 opus
1955 1363 2125 1418 sunt
2147 1359 2197 1432 ²,
2237 1351 2296 1418 si
2335 1349 2613 1447 singula

480 1456 1037 1529 translationum
1070 1477 1334 1550 genera
1378 1477 1786 1550 quaeramus
1818 1481 1834 1524 ε
1867 1456 1995 1527 sed
2028 1461 2200 1555 quia
2233 1459 2412 1530 ratio
2441 1484 2616 1558 prae-

482 1560 911 1663 ceptorum3
943 1562 1192 1634 similis
1234 1576 1383 1652 est,
1434 1565 1938 1662 exemplorum
1985 1568 2446 1640 multitudine
2495 1594 2617 1641 su-

480 1670 1011 1773 persedendum
1044 1686 1174 1742 est.
1218 1679 1458 1770 Atque
1495 1673 1570 1743 in
1607 1690 1858 1746 nostra
1900 1675 2196 1774 quidem
2232 1694 2612 1750 consuetu-

482 1785 653 1856 dine
696 1783 942 1856 multis
992 1781 1083 1855 de
1120 1787 1353 1855 causis
1390 1781 1512 1873 fit,
1557 1799 1644 1856 ut
1685 1787 1918 1858 rarius
1960 1786 2280 1860 incidant
2322 1791 2614 1862 transla-

482 1896 736 1968 tioneS.
769 1897 953 1967 Nam
989 1907 1060 1964 et
1098 1894 1453 1990 praetoriis
1512 1897 2060 1995 exceptionibus
2103 1899 2344 1972 multae
2381 1901 2615 1972 exclu-

483 2003 759 2076 duntur
799 2005 1159 2090 actioneS,
1202 2017 1273 2074 et
1321 2006 1417 2074 ita
1448 2004 1568 2099 jus
1619 2005 1824 2078 civile
1875 2006 2232 2080 habemus
2271 2012 2618 2081 constitu-

482 2131 679 2201 tum,
724 2128 811 2186 ut
866 2137 1079 2184 causa
1131 2112 1340 2184 cadat
1393 2116 1453 2184 is
1482 2167 1502 2200 ,
1564 2116 1694 2212 qui
1755 2140 1950 2207 non,
2005 2117 2616 2214 quemadmodum

484 2238 811 2324 oportet,
866 2225 1112 2323 egerit.
1152 2224 1395 2312 Quare
1442 2228 1516 2294 in
1550 2225 1717 2320 jure
1747 2227 2180 2326 plerumque
2216 2243 2612 2300 versantur.

481 2336 594 2410 Ibi
623 2337 817 2409 enim
846 2350 920 2405 et
946 2336 1410 2431 exceptiones
1434 2337 1926 2434 postulantur,
1967 2355 2038 2411 et
2072 2339 2614 2437 quodammodo

486 2446 745 2545 agendi
766 2458 1083 2544 potestas
1120 2443 1358 2532 datur,
1392 2458 1465 2515 et
1493 2449 1728 2519 omnis
1762 2450 2144 2547 conceptio
2168 2450 2614 2547 privatorum

478 2558 965 2655 judiciorum⁴
1017 2556 1504 2627 constituitur.
1551 2559 1636 2627 In
1678 2560 1854 2656 ipsis
1901 2574 2142 2631 autem
2178 2558 2468 2654 judiciis
2509 2587 2614 2632 ra-

557 2761 609 2795 2.
632 2747 818 2793 Eorum
852 2742 1145 2792 mencionem
1154 2775 1277 2791 .....
1274 2744 1341 2805 fi
1340 2740 1512 2790 cimus.
1600 2757 1682 2789 sus
1711 2738 1870 2788 firmat
1897 2738 2083 2787 Marius
2099 2738 2405 2789 Victorinus.
2425 2743 2476 2789 Si
2499 2740 2618 2805 quid

484 2828 605 2891 Snp.
625 2842 735 2890 cap.
761 2825 841 2882 ιδ,
867 2824 929 2870 16
956 2822 1105 2885 hujus
1128 2821 1263 2871 libri.
1289 2824 1405 2871 Scn.
1597 2820 1884 2867 mutandum
1898 2830 2040 2879 esset,
2061 2818 2340 2882 praeferrem
2355 2818 2619 2868 doctissimi

556 2907 607 2956 3.
630 2902 926 2953 Inductione
942 2912 1123 2951 auem.
1146 2900 1295 2965 vulg.
1319 2899 1512 2949 addunt
1598 2899 1818 2948 Jacobsii
1859 2898 2250 2946 emendationem
2263 2932 2280 2957 ,
2319 2900 2374 2947 in
2419 2916 2620 2949 censura

486 3002 683 3042 corum,
712 2984 851 3049 quod
878 2992 1007 3031 recte
1030 2980 1169 3029 abest
1203 2997 1231 3028 ι
1268 2982 1395 3029 MSS
1428 2978 1512 3027 sli-

487 3076 627 3132 quot.
654 3061 883 3111 Oudeud.
913 3062 1048 3109 em.
1074 3058 1237 3109 Guelf.
1268 3075 1313 3117 t,
1340 3069 1387 3107 et
1410 3059 1512 3119 jam

485 3144 675 3195 Ernesti
702 3142 884 3201 rejecit.
912 3138 1025 3188 Seii.
1062 3166 1131 3175 —
1165 3137 1364 3188 lelem.
1396 3139 1512 3187 reti·

486 3225 611 3275 nuit.
638 3221 766 3269 Edd.
794 3236 870 3283 pr.
893 3239 916 3260 ι
936 3234 1105 3267 eornm
1140 3218 1363 3266 locorum
1383 3238 1511 3265 n.—

426 3286 437 3297 .
488 3307 563 3353 De
586 3300 874 3349 inductione
898 3312 1026 3360 resp.
1044 3299 1097 3355 1,
1122 3298 1209 3356 31,
1237 3298 1323 3345 3².

559 3382 704 3429 111.
752 3394 795 3425 x.
838 3374 1209 3424 Translacionis.
1254 3376 1369 3439 esp.
1420 3391 1510 3439 19,

489 3476 589 3523 ²03
606 3460 671 3507 cl.
690 3460 713 3505 1
728 3491 743 3517 ,
769 3456 821 3504 8.
842 3456 1014 3501 Wsrz.

562 3555 615 3589 ει.
636 3540 769 3601 Opus
792 3546 924 3585 sune.
948 3532 1149 3585 Schiitz.
1168 3550 1286 3600 opus
1304 3532 1414 3584 sine.

560 3619 610 3667 3.
648 3615 780 3681 Quia
804 3611 934 3663 ratio
952 3626 1311 3679 proecepeomm
1341 3614 1512 3663 similis

488 3712 577 3750 ese.
606 3696 801 3759 Inutilis
828 3706 901 3743 cst
931 3696 1213 3755 conjecturs
1246 3694 1479 3758 Purgoldi
1494 3730 1510 3755 ‚

488 3780 576 3844 qni
597 3792 687 3841 pro
709 3772 876 3824 similis
888 3774 984 3838 legi
1006 3772 1313 3840 vultfacila's.
1335 3775 1509 3823 Cicero

487 3859 621 3907 enim
644 3856 742 3905 hoc
778 3853 968 3912 innuit,
1004 3868 1107 3901 non
1142 3867 1269 3919 opus
1305 3868 1407 3900 esse
1445 3852 1510 3899 sd

481 3937 676 4000 singula
711 3932 1081 3981 translationum
1105 3946 1279 3997 genera
1303 3931 1511 3997 singulis

484 4014 719 4079 exemplis
734 4046 749 4071 ‚
775 4012 887 4075 quin
917 4012 1041 4060 ratio
1068 4023 1427 4077 praceptorum
1454 4012 1510 4059 in

488 4092 715 4140 omnibns
734 4090 906 4137 similis
930 4100 1020 4139 est.
1044 4092 1153 4139 Hoc
1178 4091 1508 4155 explicatione

1597 2978 2074 3027 animadversionum
2115 2978 2350 3044 Purgoldi
2392 2979 2621 3045 propost-

1598 3070 1697 3107 tsm
1718 3095 1733 3121 ,
1779 3069 1836 3106 nt
1870 3058 2110 3121 legeretur
2143 3080 2167 3103 ι
2193 3059 2319 3107 ratio
2347 3070 2620 3123 precepto-

1599 3154 1707 3187 rum
1741 3137 1946 3202 simplcx
1979 3146 2050 3185 est
2071 3156 2115 3185 n.
2149 3138 2410 3185 Enimvero
2449 3135 2621 3185 similit

1598 3218 1822 3269 cumdem
1841 3232 2032 3265 sensnm
2051 3221 2196 3281 parit,
2210 3229 2261 3267 et
2278 3216 2450 3265 eodem
2467 3216 2620 3265 modo

1597 3300 1812 3365 positum
1833 3300 2046 3347 occurrit
2066 3314 2110 3346 c.
2135 3298 2224 3358 32,
2247 3298 2355 3348 init.
2377 3300 2492 3347 Sca.

1673 3384 1720 3434 4.
1767 3377 2028 3443 conceptio
2067 3375 2366 3440 privatorum
2403 3376 2622 3443 judicio-

1599 3472 1726 3507 rum.
1747 3455 1945 3507 Schiitz.
1967 3456 2052 3505 dat
2083 3456 2384 3521 «conceptio
2412 3458 2622 3522 printa-

1599 3552 1708 3584 rnm
1750 3536 2000 3585 actionum
2020 3558 2062 3585 n.
2107 3537 2344 3585 Actiones
2393 3537 2620 3601 quidem,

1599 3615 1789 3678 inquit,
1814 3612 2166 3680 concipiuntur
2200 3626 2250 3663 et
2281 3616 2538 3679 fortuma,
2572 3628 2623 3664 st

1593 3692 1896 3756 judiciorum
1915 3694 2050 3743 nulls
2071 3705 2142 3742 est
2167 3694 2442 3757 conceptio.
2477 3698 2556 3743 Ac
2579 3695 2622 3743 si

1597 3774 1772 3823 Cicero
1809 3775 2080 3839 scripsisset
2114 3795 2140 3815 ιι
2162 3774 2464 3838 privatorum
2495 3774 2621 3837 juncti-

1597 3854 1784 3901 ciorum
1803 3876 1824 3897 ι
1839 3889 1854 3913 ,
1868 3853 2096 3916 deinceps
2114 3852 2328 3901 scribere
2344 3853 2620 3903 debuissem

1600 3953 1623 3974 ι
1644 3935 1699 3980 in
1702 3932 1936 4001 publicis
1961 3943 2124 3980 sutem
2148 3930 2350 3993 judiciis
2368 3935 2524 3982 rarius
2549 3934 2622 3980 in·

1596 4012 1826 4060 ciduntn.
1865 4012 2013 4060 Nunc
2040 4022 2201 4060 autem
2233 4028 2384 4075 quum
2415 4014 2623 4077 scripse-

1595 4090 1692 4139 rit:
1715 4112 1740 4133 οι
1763 4090 1816 4137 in
1841 4090 1962 4155 ipsis
1988 4102 2148 4141 sutem
2171 4090 2373 4153 judiciis
2394 4112 2417 4133 ι
2436 4127 2453 4152 ,
2477 4090 2619 4139 intel-
