2982 4682
552 342 695 415 620
1224 344 1325 412 M.
1368 343 1448 409 Τ.
1501 343 2000 413 CICERONIS

550 488 631 537 ea
652 518 671 548 ,
716 470 1139 551 aut'eorum
1163 514 1183 550 ,
1246 484 1411 559 quoe
1446 465 1606 559 ipse
1647 462 1832 535 facta
1877 486 2032 567 esse
2082 460 2257 534 dicit
2271 463 2360 551 ⁴,'
2385 469 2678 565 propria

544 595 700 644 esse
730 569 1067 645 defendet
1104 572 1381 669 potius,
1408 596 1630 668 quam
1667 574 2026 660 criminis3
2067 586 2192 642 aut
2233 574 2292 644 si
2327 574 2464 645 sibi
2507 600 2676 647 cum

546 697 955 754 accusatore
1000 684 1409 753 communia
1448 698 1688 753 essent
1707 736 1729 769 ,
1781 686 1916 781 p'ro
1959 674 2334 780 periculo⁵
2387 687 2672 782 potius,

548 814 765 888 quam
822 807 1073 863 contra
1126 791 1431 863 salutem
1472 792 1708 877 valere
1757 791 2057 879 debere;
2109 798 2548 891 testiumque
2601 810 2680 867 et

548 901 1021 996 quaestionum
1068 924 1295 996 genus
1338 903 1754 973 universum
1775 898 1834 988 ⁶,
1879 916 1950 973 et
1977 902 2194 1000 ,quod
2247 906 2552 1000 poterit,
2593 907 2680 975 in

546 1010 886 1108 singuIiS,
928 1036 1019 1081 ex
1052 1010 1636 1107 reprehensionis
1673 1010 1892 1099 locis,
1929 1009 2024 1083 de
2061 1010 2332 1109 quibus
2363 1026 2530 1083 ante
2565 1010 2678 1083 di·

547 1136 747 1193 ctum
782 1135 924 1207 est,
958 1120 1256 1192 refellet.

644 1236 915 1303 Harum
946 1254 1319 1327 musarum
1361 1232 1753 1329 principia,
1795 1232 2199 1336 suspiciosa
2219 1230 2308 1301 ad
2337 1231 2682 1305 acerbita-

547 1358 697 1413 tem
716 1354 743 1399 ⁷
752 1340 897 1427 ,ab
924 1353 1337 1412 accusatore
1362 1353 1762 1436 ponentur;
1786 1325 2532 1455 denuntiabiturque
2513 1340 2680 1411 insi-

550 1451 829 1523 diarum
862 1473 1247 1521 commune
1271 1447 1708 1547 periculum;
1735 1434 2394 1561 excitabunturque
2421 1450 2681 1535 animi,

546 1576 631 1631 ut
646 1556 1049 1631 attendant.
1090 1556 1203 1631 Ab
1228 1582 1358 1630 reo
1386 1573 1672 1649 autem,
1707 1554 2012 1658 querela
2037 1558 2330 1660 conflati
2359 1560 2680 1655 criminis

548 1662 1165 1780 collectarumque
1200 1670 1692 1767 suspicionum
1707 1724 1726 1757 ,
1783 1684 1858 1742 et
1900 1672 2334 1742 accusatoris
2361 1669 2680 1779 insidia,

550 1792 623 1849 et
658 1764 833 1847 item
862 1802 1249 1851 commune
1282 1780 1688 1877 periculum
1717 1778 2151 1878 proferetur,
2183 1780 2556 1878 animique
2585 1778 2681 1851 ad

546 1887 1107 1961 misericordiam
1144 1889 1572 1976 allicientur,
1609 1905 1686 1961 et
1721 1888 2002 1961 modice
2039 1886 2585 1961 benivolentia”
2561 1914 2680 1983 Ju-

550 1996 791 2069 dicum
818 1998 1215 2097 colligetur.
1247 2001 1576 2072 Narratio
1593 2013 1834 2071 autem
1861 2001 2292 2091 accusatoris
2321 2002 2458 2069 erit
2477 2000 2682 2095 quasi

547 2107 1003 2181 membratim
1040 2111 1221 2206 gesti
1260 2111 1532 2206 negotii
1567 2110 1958 2207 suspiciosa
1983 2107 2396 2206 explicatio,
2419 2110 2681 2205 sparsis

550 2218 891 2291 omnibus
930 2220 1412 2317 argumentis,
1467 2220 1868 2292 obscuratis
1911 2217 2481 2321 defensionibus.
2534 2221 2680 2289 De·

548 2328 849 2416 sensori,
898 2344 1023 2401 aut
1078 2331 1449 2428 praeteritis
1468 2385 1489 2420 ,
1544 2345 1670 2402 aut
1725 2328 2124 2402 obscuratis
2181 2330 2676 2428 suspicionum

546 2441 987 2538 argumentis
1008 2494 1029 2528 ,
1070 2463 1315 2512 rerum
1354 2444 1674 2538 ipsarum
1705 2433 2032 2512 'eventus'
2065 2452 2296 2510 erunt·
2325 2461 2676 2534 casusque

546 2548 907 2624 narrandi.
958 2556 1043 2621 In
1086 2549 1602 2622 confirmandis
1643 2563 1882 2620 autem
1930 2552 2192 2620 nostris
2228 2561 2682 2646 argumenta-

548 2658 907 2745 tionibus,
970 2657 1566 2756 infirmandisque
1615 2659 1992 2730 contrariis
2013 2711 2034 2744 ‚
2079 2681 2266 2756 saepe
2319 2674 2536 2729 erunt
2571 2681 2686 2728 ac·

548 2771 861 2842 cusatori
917 2783 1159 2862 motus
1218 2774 1634 2840 animorum
1657 2769 2071 2864 incitandi,
2115 2792 2246 2839 reo
2293 2766 2684 2863 mitigandi.

550 2885 791 2976 Atque
846 2878 996 2950 haec
1055 2877 1345 2974 quidem
1389 2855 1680 2977 utrique
1723 2881 2034 2952 maxime
2093 2883 2170 2949 in
2221 2879 2689 2975 peroratione

550 2985 967 3061 facienda⁸.
1006 2988 1210 3076 alteri
1270 2987 1855 3087 frequentatione
1909 3003 2550 3086 argumentorum,
2613 2999 2688 3056 et

551 3100 1092 3172 coacervatione
1120 3099 1489 3188 universa3
1523 3100 1768 3186 alteri,
1799 3091 1856 3175 si
1895 3101 2110 3200 plane
2140 3121 2426 3169 causam
2451 3094 2690 3167 redar-

552 3211 841 3310 guendo
870 3204 1277 3308 explicarit,
1297 3201 1891 3295 enumeratione,
1913 3225 1996 3281 ut
2021 3207 2348 3306 quidque
2375 3204 2688 3288 diluerit,

490 3331 498 3342 ’
552 3337 628 3393 et
664 3321 1117 3392 miseratione
1162 3320 1248 3391 ad
1287 3335 1719 3391 extremum.

554 3481 835 3537 spei-tum»,
862 3481 917 3520 ut
934 3485 1044 3534 esp.
1067 3469 1150 3528 33;
1168 3469 1282 3517 -its
1304 3480 1576 3533 apertus»,
1660 3478 1718 3518 ut
1741 3467 1932 3532 legatur
1951 3480 1968 3515 x
1998 3488 2024 3509 ι
2041 3463 2378 3530 propulsando
2398 3461 2618 3527 periculo
2643 3482 2690 3510 ι.

628 3559 676 3608 4.
709 3549 855 3598 De'ce‘e.
900 3549 1027 3598 Dedi
1059 3549 1177 3597 dicit
1208 3565 1235 3596 e
1264 3549 1351 3596 MS
1388 3549 1449 3596 R.
1491 3547 1572 3596 ed.
1731 3547 1784 3596 6.
1833 3545 2166 3610 Qnaeseionum
2207 3559 2361 3608 geum
2401 3541 2692 3590 anim.

556 3631 683 3678 Veu.
716 3645 808 3694 pro
832 3629 971 3678 dicet.
996 3625 1369 3692 Intelligendum
1388 3637 1461 3674 est
1478 3643 1570 3674 eu·
1661 3619 1952 3694 Gulielmfius
1963 3623 2156 3674 emend.
2169 3622 2398 3672 censebat
2413 3621 2694 3670 tiniensi-r.

554 3717 653 3756 tem
672 3707 735 3755 de
748 3706 999 3756 defensore
1016 3707 1119 3754 sive
1138 3722 1241 3755 reo.
1256 3705 1450 3767 Quodsi
1472 3705 1571 3752 hoc
1737 3719 1786 3764 7.
1835 3701 2114 3767 Suspiriose
2147 3703 2222 3750 ad
2259 3701 2588 3750 acerbitatem.
2633 3699 2697 3748 ld

556 3785 619 3834 ad
638 3795 965 3835 accusatorem
993 3785 1203 3847 pertinet
1218 3818 1231 3841 ‚
1259 3781 1572 3831 scribendum
1667 3791 1740 3830 est
1754 3817 1768 3840 ,
1791 3797 1902 3845 qun
1923 3781 2257 3847 suspicionem
2281 3794 2478 3828 novere
2502 3775 2696 3843 possint

555 3875 629 3913 est
646 3863 845 3923 diceret,
862 3874 1063 3927 propter
1084 3861 1356 3927 sequentis.
1376 3863 1581 3908 Eun.--·
1671 3860 1998 3925 periculorum
2011 3893 2026 3918 ,
2043 3857 2450 3924 quibusjudicum
2469 3855 2699 3905 severitas

558 3942 761 3990 Wetsel.
782 3926 889 3990 'sine
919 3957 1063 3990 csun
1094 3951 1366 3990 correctum
1396 3939 1459 3987 ab
1493 3940 1581 3987 Er·
1671 3949 1954 3988 exacuatur.
1983 3941 2112 3988 Ειιιι.

560 4021 719 4068 uestio
738 4019 1018 4068 contendit.
1420 4031 1430 4036 ·
1745 4019 1970 4082 &Aeque
1987 4017 2096 4066 hue
2120 4049 2133 4063 .
2148 4047 2187 4066 ..
2204 4014 2322 4080 fae.
2347 4013 2463 4062 Βοὴ.
2483 4028 2548 4060 ex
2577 4011 2698 4059 edit.

630 4098 681 4146 5.
708 4100 805 4145 Pro
824 4098 1043 4162 periculo
1062 4116 1116 4162 p.
1146 4100 1325 4148 Sensus
1352 4098 1576 4164 postulat
1669 4096 1868 4148 Omnib.
1883 4103 1931 4146 et
1955 4095 2088 4148 nob.
2107 4090 2646 4144 «⁸.hoe...tncisedun
2657 4111 2704 4136 ⁸-
