2982 4682
737 391 864 458 AD
915 385 1282 458 HERENN
1297 389 1474 456 IUM
1499 438 1518 473 ,
1569 386 1823 456 LIBER
1875 389 1997 472 IV,
2044 384 2157 484 37.
2369 387 2505 486 237

387 522 532 584 res²
555 510 646 582 ab
673 510 1040 582 iracundia
1064 526 1138 582 et
1153 509 1484 581 molestia
1510 524 1859 580 removeat
1874 563 1893 596 ‚
1922 508 2143 581 altera
2162 510 2254 582 ab
2274 530 2511 585 errato

389 622 746 695 deterreat
761 615 816 691 3.
853 627 1014 693 Haec
1050 645 1166 692 res
1191 676 1210 707 ‚
1233 621 1422 692 sicut
1458 621 1531 689 in
1550 619 1886 705 amicitia,
1920 621 2015 689 ita
2048 621 2125 690 in
2162 620 2506 711 dicend0‚

387 735 452 804 si
485 733 648 804 loco
692 731 776 803 fit
803 786 822 819 ‚
868 733 1176 803 maxime
1213 728 1423 816 facit,
1463 743 1545 800 ut
1570 742 1641 798 et
1687 727 1789 798 illi
1821 782 1840 815 ‚
1877 730 2007 826 qui
2050 729 2349 803 audient
2368 732 2424 819 4,
2468 760 2511 804 a

389 844 602 942 culpa
645 843 882 915 absint
906 897 925 929 ‚
965 857 1040 914 et
1071 867 1245 928 nos,
1288 841 1420 938 qui
1455 839 1782 925 didmnm,
1820 839 2030 910 amici
2067 841 2391 936 ipsorum
2436 859 2510 914 et

389 955 706 1026 veritatis
749 977 902 1025 esse
937 952 1316 1024 videamur
1337 948 1386 1021 ⁵.
1891 969 1901 982 ·

486 1069 614 1135 Est
637 1079 882 1136 autem
899 1061 1269 1162 quoddam
1293 1057 1821 1160 genuslicentiae
1838 1059 1910 1129 in
1930 1055 2505 1159 dicendo⁶‚quod

393 1174 735 1246 astutior-e
769 1174 1055 1245 ratione
1097 1184 1537 1270 comparatu·
1566 1197 1583 1238 ε
1626 1193 1857 1266 quum
1887 1184 2011 1241 aut
2049 1170 2149 1241 ita
2176 1170 2511 1270 objurga-

389 1307 554 1355 mus
585 1305 752 1371 eos‚
798 1284 928 1381 qui
966 1282 1307 1369 audiunt,
1354 1278 1707 1380 quonodo
1750 1281 1887 1378 ipsi
1932 1305 2009 1351 se
2048 1283 2345 1379 cupiant
2380 1283 2511 1355 ob-

385 1395 705 1491 jurgari7
732 1422 746 1463 :
776 1392 916 1464 aud
942 1392 1016 1463 id
1038 1447 1057 1479 ‚
1086 1392 1286 1490 quod
1315 1388 1793 1492 scimxsfacile
1818 1414 2075 1460 omnes
2106 1391 2508 1481 auditurOS‚

392 1503 698 1576 dicimus
737 1528 872 1575 nos
915 1505 1172 1575 timere
1195 1557 1214 1590 ,
1253 1499 1603 1600 quolmdo
1649 1500 2029 1598 accipiant3
2088 1501 2215 1572 sed
2258 1517 2505 1575 tamen

391 1616 688 1686 veritate
727 1615 1204 1702 commoveri,
1233 1629 1320 1684 ut
1350 1610 1553 1684 nihlo
1583 1613 1817 1682 secius
1840 1610 2184 1682 dicamus.
2225 1618 2505 1686 Horum

391 1724 774 1795 amborum
802 1748 1150 1822 generum
1169 1723 1490 1821 ‘exempti
1515 1718 2005 1816 subjiciemus.
2034 1724 2331 1810 Primis,
2363 1725 2503 1796 hu-

387 1833 702 1928 jusmodi
738 1861 753 1904 :
783 1865 816 1900 a
845 1836 1166 1908 Nimium
1184 1892 1203 1922 ‚
1235 1837 1551 1926 QuirieS,
1580 1833 1837 1901 animis
1864 1832 2033 1902 estis
2058 1833 2505 1931 simplicibus

393 1957 465 2014 et
487 1945 880 2015 mansuetis
899 1940 956 2030 ⁸3
979 1947 1288 2015 nimium
1325 1939 1585 2014 crelitis
1616 1941 2027 2037 unicuique.
2065 1943 2505 2019 Existimatis

390 2079 990 2152 unumquemque
1021 2045 1234 2139 eniti,
1262 2068 1344 2123 ut
1363 2048 1693 2151 poeficiat‚
1720 2073 1885 2146 quae
1909 2047 2117 2121 vobis
2141 2051 2503 2148 pollicitus

391 2164 498 2234 sit.
546 2166 849 2253 Erratis,
885 2178 958 2234 et
1013 2162 1278 2234 frustra
1312 2163 1456 2233 fala
1506 2183 1637 2257 spe
1675 2159 1827 2254 jam
1872 2157 1999 2230 diu
2044 2160 2492 2236 detinemini.

391 2272 704 2346 Stultitia
737 2287 972 2346 vestra
998 2273 1111 2362 id,
1148 2271 1351 2372 quod
1393 2281 1567 2343 ‹rat9
1610 2270 1687 2339 in
1730 2284 1965 2340 vestra
1992 2285 2377 2369 potestate,
2406 2275 2499 2347 ab

391 2382 544 2456 aliis
583 2398 829 2482 petere
849 2440 868 2473 ‚
898 2410 1118 2483 quam
1151 2386 1289 2483 ipsi
1320 2404 1577 2456 sunere
1608 2380 1959 2453 maluistis
1986 2412 2041 2451 ι).
2078 2386 2499 2461 Posterioris

391 2563 632 2631 mitt'getur
662 2564 828 2614 laude.
855 2565 952 2615 Hic
990 2566 1116 2615 ordo
1153 2567 1392 2617 verbm-un
1473 2589 1539 2598 ·—
1558 2564 1671 2613 Sch.
1708 2586 1733 2606 ιι
1747 2574 1845 2611 ιεω
1874 2565 2097 2629 ipsorum
2124 2581 2269 2630 quam
2288 2570 2500 2617 veritatis

391 2634 534 2693 est'in
561 2644 679 2694 edit.
709 2652 842 2708 1474
858 2681 874 2705 ,
902 2646 986 2711 qui
1020 2658 1094 2695 est
1124 2645 1228 2694 sine
1259 2646 1384 2697 dubi
1472 2644 1616 2690 amici
1636 2662 1680 2690 n.
1705 2644 1809 2703 Iu,
1834 2644 2013 2708 inquit,
2038 2644 2150 2692 cod.
2172 2646 2273 2695 Erf.

389 2722 654 2787 elegantior
689 2723 890 2787 vulgato
926 2739 940 2773 ε
986 2744 1012 2765 ιι
1035 2724 1180 2771 lande
1225 2725 1387 2789 mitig-
1546 2721 1595 2769 6.
1615 2722 1705 2771 Est
1724 2732 1888 2770 autem
1906 2720 2155 2787 quoddam
2177 2741 2333 2789 genus
2354 2725 2501 2775 licen-

391 2813 526 2851 tur».
545 2804 676 2850 Ean.
700 2828 770 2839 ——
792 2802 908 2851 Sch.
933 2824 955 2847 ι
975 2812 1026 2851 et
1041 2802 1181 2867 quod
1205 2804 1299 2851 erit
1315 2800 1384 2854 cl.
1475 2798 1561 2847 εἰει·
1584 2800 1635 2847 in
1672 2800 1895 2849 dicendo.
1931 2804 2007 2850 De
2031 2802 2131 2851 hoc
2158 2820 2332 2867 genere
2346 2840 2364 2865 ,
2402 2808 2495 2856 nuh

391 2880 440 2929 id
463 2882 812 2947 comprimetur
837 2881 981 2930 laude
1000 2903 1050 2939 ι,
1075 2888 1274 2930 auctore
1301 2878 1384 2931 cd.
1474 2880 1613 2941 cnjus
1650 2880 1809 2943 specie
1844 2896 1974 2945 saepe
2008 2880 2127 2929 latet
2160 2883 2406 2947 adulatio,
2437 2898 2493 2935 ut

389 2961 569 3011 Medic.
1473 2959 1544 3007 uit
1564 2959 1735 3022 Quint.
1750 2958 1863 3007 vide
1882 2960 2034 3024 ipsius
2058 2960 2150 3011 lib.
2169 2963 2245 3013 lx
2259 2999 2275 3027 ,
2297 2980 2345 3013 c.
2368 2981 2417 3014 2.

459 3056 511 3089 π.
541 3041 714 3090 Altera
732 3056 842 3099 res,
870 3040 978 3088 scil.
1004 3040 1127 3091 laus.
1550 3054 1597 3102 7.
1627 3037 1906 3103 &cupiant
1919 3040 2186 3106 objurgari.
2221 3042 2336 3091 Sine
2363 3044 2501 3097 libris

461 3116 510 3169 3.
561 3120 736 3168 Altera
785 3118 849 3168 ab
917 3131 1080 3167 errato
1146 3115 1379 3169 deterret.
1473 3118 1663 3165 correxi
1687 3116 1887 3183 cupiunt
1904 3136 1931 3168 e
1952 3120 2206 3169 latinitatis
2226 3121 2348 3187 lege.
2362 3126 2495 3175 Eut.

389 3200 580 3265 N-pe
608 3199 802 3248 licentia
815 3234 830 3259 ,
856 3198 1184 3264 reprehensio.
1543 3194 1593 3246 8.
1639 3195 1944 3261 Simplicibm
1991 3210 2043 3248 ee
2088 3202 2367 3251 mansuetis.
2412 3204 2495 3253 sic

460 3288 510 3335 4,
553 3278 650 3342 ραι·
682 3277 900 3328 audient.
927 3281 1123 3329 Gruter.
1155 3298 1178 3323 ιι
1201 3280 1382 3343 quinu-
1469 3290 1563 3324 scr.
1588 3285 1637 3323 et
1658 3276 1769 3326 edd.
1794 3280 1935 3326 Unus
1957 3279 2203 3328 Leidensin
2222 3280 2372 3330 habet
2404 3295 2497 3333 «cet

390 3356 532 3407 diunt
547 3378 592 3406 ι..
1473 3355 1669 3403 omissis
1694 3376 1716 3399 n
1740 3390 1758 3417 ‚
1784 3357 1819 3405 i.
1852 3374 1901 3407 e.
1926 3358 2307 3422 negligentibus,
2331 3372 2380 3410 et
2398 3362 2495 3409 len·

365 3486 370 3493 ,
461 3437 509 3484 5.
533 3435 700 3485 Amici
721 3435 932 3501 ἰρεονιιηι
957 3450 1008 3485 et
1035 3436 1383 3485 veritatisvesse
1471 3433 1553 3482 tis.
1579 3434 1730 3497 Quod
1755 3446 1830 3484 est
1848 3438 2193 3486 Terentianum
2220 3440 2426 3489 verbum
2448 3453 2499 3489 et

385 3514 496 3563 vid.
517 3518 740 3581 Ipsorum
763 3516 879 3565 dedi
901 3530 994 3582 pro
1023 3532 1190 3565 eorum
1221 3509 1382 3563 eMSS
1474 3513 1800 3577 exquisitum,
1821 3526 1871 3564 et
1896 3516 2037 3564 valde
2060 3518 2108 3565 b.
2136 3518 2171 3567 1.
2193 3528 2379 3583 aptum.
2392 3522 2499 3571 Nee

387 3604 434 3641 et
457 3594 663 3652 noeti-it,
689 3604 738 3642 et
760 3594 898 3654 eliis,
915 3605 965 3643 et
989 3594 1069 3644 ed.
1093 3592 1380 3657 κωμάσαι
1467 3592 1521 3639 id
1552 3608 1581 3640 a
1621 3591 1824 3642 librario
1860 3606 2029 3643 natum
2061 3612 2165 3644 esse
2200 3608 2393 3661 potest,
2436 3610 2498 3648 ut

385 3683 433 3720 et
451 3674 666 3721 latinitas
690 3674 970 3737 postulabat
986 3708 1000 3733 ,
1019 3685 1068 3723 et
1085 3672 1279 3722 Graevius
1297 3670 1376 3732 ju·
1468 3670 1595 3719 bene
1632 3671 2015 3738 Oudendorpius
2040 3674 2244 3737 iudicat.
2272 3678 2403 3726 Eun.
2426 3706 2497 3717 -

385 3752 596 3801 dicebat.
613 3783 681 3792 -—
696 3756 765 3801 Ee
791 3752 1034 3803 veritatis.
1060 3753 1380 3801 Addiuzsser-
1470 3750 1587 3799 S‘ch.
1616 3749 1796 3814 «simp.
1819 3762 1871 3800 et
1889 3754 2082 3801 omissis
2103 3774 2125 3795 ι
2138 3788 2151 3801 .

337 3814 350 3829 ⁸
384 3842 510 3878 tores
537 3832 630 3879 Ms
651 3841 700 3879 et
718 3832 849 3896 Lipa-
865 3843 918 3880 et
939 3831 1076 3880 Leid.
1095 3843 1248 3882 namn
1271 3826 1376 3877 Erf.
1546 3844 1599 3891 9.
1628 3827 1838 3878 Stultitia
1874 3842 2065 3891 vestra,
2108 3831 2167 3880 id
2198 3836 2339 3898 quod
2372 3848 2498 3886 erae.

385 3925 486 3958 non
507 3926 610 3958 esse
628 3920 834 3960 tentatur
857 3911 1020 3961 va.
1039 3911 1177 3975 quod
1197 3924 1268 3958 son
1297 3907 1386 3957 ab·
1475 3908 1559 3956 Sic
1584 3908 1717 3956 hunc
1744 3908 1908 3958 locum
1933 3910 2141 3959 ducibus
2166 3912 2306 3961 libris
2334 3931 2427 3964 scr.
2452 3926 2501 3964 et

385 3988 586 4037 surdum
629 3998 706 4037 eet
724 4023 740 4048 ,
785 3988 873 4036 ted
915 4004 1020 4037 non
1066 3988 1382 4039 necabat-ium.
1477 3988 1593 4038 edd.
1616 3998 1737 4039 vett.
1762 3988 2047 4039 refluximus
2074 4008 2137 4040 ex
2157 3994 2363 4059 vulgato
2398 4019 2425 4039 .-
2440 4008 2503 4045 gt.

387 4066 566 4131 Estque
587 4066 792 4117 omnino
807 4066 890 4115 hie
915 4066 1056 4116 locus
1079 4070 1131 4116 in
1155 4067 1266 4120 ibris
1290 4081 1384 4113 scr.
1477 4079 1635 4116 vestra
1672 4079 1772 4126 est,
1801 4070 1889 4133 qui
1907 4104 1923 4129 ,
1964 4070 2101 4133 quod
2134 4084 2237 4121 erat
2262 4096 2287 4115 ι
2306 4088 2323 4123 :
2368 4076 2507 4140 qnod

383 4154 434 4191 et
459 4146 576 4195 edd.
598 4156 716 4195 vett.
745 4146 886 4195 nme
911 4148 1222 4212 interpolans.
1254 4148 1384 4195 Em«.
1477 4148 1661 4199 nemini
1687 4148 1845 4209 perito
1870 4152 1984 4197 eatis
2008 4150 2215 4214 placeat.
2246 4154 2377 4203 Eur.
