2982 4682
272 406 2077 435 mmmwsmmmnsmmmmvffiwssummmmm
2085 416 2394 436 mmsfi

772 642 1886 749 ARGUMENTUM

506 892 567 959 E
615 891 1027 962 SCHUTZII
1074 892 1516 963 EDITIONE
1565 892 2152 964 DESUMPTUM.

270 1110 557 1165 Hactenus
598 1116 834 1176 auctor,
878 1102 1367 1181 quemadmodum
1407 1103 1483 1163 ad
1525 1123 1758 1163 omnem
1795 1104 2132 1181 judicialem
2169 1114 2399 1170 causam

343 1201 607 1261 inventio
651 1218 847 1257 rerum
890 1198 1385 1258 accommodanda
1424 1211 1614 1272 esset,
1659 1198 2176 1261 demonstraverat.
2232 1209 2402 1265 Nunc

342 1298 537 1379 pergit
574 1296 650 1356 ad
684 1314 885 1355 earum
919 1296 1207 1354 rationem
1247 1315 1441 1353 rerum
1482 1295 1994 1371 inveniendarum,
2047 1318 2176 1375 quae
2215 1303 2400 1381 perti-

344 1410 485 1455 nent
515 1392 590 1452 ad
624 1412 825 1451 causas
857 1388 1266 1450 deliberativas
1294 1404 1354 1448 et
1377 1390 1888 1465 demonstrativas,
1917 1413 2044 1472 cap.
2083 1414 2130 1452 1.

426 1488 681 1548 Primum
704 1488 883 1565 igitur
907 1486 1026 1563 agit
1046 1485 1119 1544 de
1143 1484 1664 1544 deliberationibus
1674 1530 1691 1559 ,
1723 1506 1849 1566 cap.
1873 1508 1906 1545 2
1924 1532 1942 1561 ,
1963 1509 2090 1567 sqq.
2113 1511 2240 1573 qua
2261 1482 2404 1577 par..

350 1588 453 1646 tim
483 1598 619 1645 sunt
652 1581 1017 1661 hujusmodi,
1049 1593 1113 1639 ut
1139 1593 1455 1659 quaeratur,
1487 1595 1685 1640 utrum
1715 1584 1913 1664 potius
1945 1585 2272 1647 faciendum
2300 1591 2402 1661 sit,

347 1684 559 1765 partim
608 1677 976 1758 hujusmodi,
1000 1692 1066 1737 ut
1116 1677 1259 1756 quid
1313 1678 1678 1756 potissimum
1728 1680 2056 1741 faciendum
2097 1684 2174 1743 sit
2193 1728 2210 1757 ,
2263 1706 2408 1748 con-

353 1782 671 1851 sideretur3
711 1778 829 1835 alio
877 1788 1071 1836 autem
1117 1788 1385 1854 respectu
1429 1775 1520 1833 vel
1566 1789 1808 1854 propter
1855 1792 2124 1841 naturam
2168 1783 2284 1851 rei,
2315 1788 2405 1844 vel

353 1892 591 1961 propter
622 1890 959 1935 extraneam
993 1893 1220 1932 causam
1238 1916 1254 1945 ,
1284 1874 1377 1931 vel
1405 1885 1644 1951 propter
1667 1887 1979 1953 utrumque
2005 1879 2401 1943 instituuntur.

356 1983 546 2053 Quum
577 1990 770 2033 autem
800 1969 1101 2044 omnibus,
1128 1969 1339 2049 quibus
1360 1969 1420 2027 in
1447 1968 1828 2029 deliberando
1853 1976 2134 2035 sententia
2161 1974 2405 2039 dicenda

266 2094 271 2097 ·
356 2088 471 2147 est,
498 2071 839 2152 propositus
866 2069 939 2127 sit
971 2068 1101 2127 finis
1132 2066 1425 2137 utilitatis;
1465 2086 1651 2143 eaque
1686 2065 1982 2127 dividatur
2021 2070 2083 2129 in
2121 2074 2404 2135 rationem

358 2184 537 2230 tutam
556 2214 573 2241 ,
605 2188 737 2247 quae
776 2168 867 2225 vel
900 2166 1047 2233 vim,
1077 2166 1170 2223 vel
1195 2162 1399 2222 dolum
1423 2158 1730 2223 vitandum
1760 2184 1882 2223 esse
1919 2167 2216 2243 ostendat,
2255 2184 2314 2230 et
2343 2173 2402 2231 in

356 2268 637 2326 rationem
668 2264 999 2333 honestam,
1035 2280 1164 2339 quae
1191 2272 1416 2319 constet
1444 2271 1607 2317 recto
1625 2303 1642 2331 ,
1671 2259 1728 2317 h.
1759 2281 1810 2318 e.
1845 2260 2198 2341 prudentiae,
2223 2266 2399 2343 justi-

362 2367 450 2424 tiae
467 2409 483 2437 ,
502 2362 867 2424 fortitudinis
886 2373 944 2418 et
972 2358 1269 2426 modestiae
1295 2355 1592 2438 partibuS,
1623 2372 1681 2417 et
1703 2357 2008 2432 laudabili,
2039 2360 2250 2422 horum
2273 2385 2405 2424 om-

358 2464 541 2534 nium,
593 2461 695 2539 qui
738 2459 853 2517 sint
891 2457 1006 2516 loci
1049 2469 1109 2514 et
1153 2455 1309 2515 unde
1348 2453 1715 2532 reperiundi,
1765 2453 2012 2514 docetur
2056 2479 2181 2538 cap.
2235 2463 2301 2533 3,
2346 2475 2398 2533 4.

360 2559 580 2620 Deinde
602 2554 899 2635 quomodo
930 2573 1111 2632 genus
1134 2551 1617 2611 deliberationum
1641 2573 1747 2631 per
1768 2553 2019 2632 singulas
2048 2570 2242 2634 partes
2270 2580 2404 2619 ora-

361 2658 527 2716 tionis
554 2650 921 2713 tractandum
943 2651 1016 2708 sit
1040 2649 1383 2718 ostenditur,
1410 2667 1538 2727 cap.
1565 2649 1616 2706 5.

434 2753 709 2830 Sequitur
738 2747 811 2806 de
837 2766 1046 2825 genere
1074 2745 1559 2813 demonstrativo,
1583 2745 1742 2823 quod
1771 2759 1859 2804 est
1888 2746 1947 2804 in
1971 2749 2144 2808 laude
2165 2765 2226 2810 et
2244 2754 2404 2813 vitu-

363 2851 676 2930 peratione.
712 2847 824 2922 Hic
856 2844 1137 2923 primum,
1172 2843 1274 2919 qui
1314 2842 1430 2899 sint
1473 2840 1663 2899 laudis
1700 2854 1759 2900 et
1795 2843 2074 2920 vituperii
2117 2847 2256 2916 loci,
2293 2850 2400 2908 de-

366 2959 741 3016 monstratur3
780 2939 993 3000 deinde
1030 2935 1327 3016 quomodo
1356 2936 1417 2994 in
1452 2936 1566 2995 hoe
1592 2956 1829 3014 genere,
1864 2951 2058 3016 partes
2097 2945 2405 3018 orationis,

368 3043 691 3112 exordium,
722 3037 1005 3108 narratio,
1040 3034 1251 3094 divisio
1277 3039 1431 3105 (narn
1470 3032 1544 3092 de
1584 3033 2020 3092 confirmatione
2055 3035 2151 3095 hic
2189 3039 2402 3104 iterum

368 3143 453 3222 agi
486 3157 717 3198 necesse
746 3155 864 3194 non
896 3131 1077 3210 erat),
1107 3144 1167 3189 et
1206 3129 1502 3189 conclusio
1539 3127 1850 3190 tractandae
1879 3130 2019 3200 sint,
2054 3136 2402 3216 ostenditur,

369 3259 486 3317 cap.
508 3235 639 3294 6-8.

442 3337 567 3393 Jam
594 3329 871 3408 quoniam
899 3339 1100 3386 auctor
1126 3344 1255 3402 quae
1288 3323 1360 3382 de
1394 3323 1729 3382 inventione
1757 3322 2004 3384 dicenda
2035 3343 2201 3389 erant
2241 3332 2338 3393 lib.
2373 3340 2402 3394 1

371 3443 423 3489 et
450 3435 532 3502 ΙΙ,
565 3441 625 3486 et
653 3425 777 3484 istis
812 3437 946 3482 octo
981 3421 1116 3481 libri
1158 3425 1242 3480 111
1275 3417 1563 3498 capitibus
1591 3419 1944 3490 absolverat,
1973 3421 2094 3500 jam
2135 3433 2404 3504 procedit

374 3527 441 3584 ad
470 3522 787 3585 secundum
824 3519 1072 3578 oratoris
1108 3517 1391 3587 officium,
1433 3514 1591 3592 quod
1631 3514 2405 3602 dispositione-continetur3

373 3627 529 3696 cujus
552 3620 669 3679 duo
696 3635 909 3696 genera
927 3625 1319 3692 exponuntur,
1340 3610 1586 3669 alterum
1612 3609 1686 3669 ab
1710 3611 2071 3672 institutione
2099 3619 2238 3678 artis
2265 3643 2406 3700 pro-

375 3723 605 3791 fectum,
638 3718 881 3774 alterum
913 3712 985 3770 ad
1018 3731 1213 3770 casum
1241 3707 1519 3786 temporis
1545 3708 2058 3770 accommodatum.

446 3823 569 3875 Jam
601 3811 953 3890 sequebatur
981 3810 1143 3866 locus
1173 3806 1245 3864 de
1273 3804 1635 3875 elocutione,
1673 3825 1846 3881 quem
1878 3822 2082 3867 auctor
2120 3810 2406 3890 integrum
2481 3887 2488 3892 ‚

378 3912 519 3971 libro
540 3921 747 3989 quarto
770 3903 1181 3966 reservandum
1207 3903 1389 3960 duxit.
1414 3907 1616 3978 ltaque
1640 3900 1921 3976 restabat,
1940 3915 2006 3961 ut
2030 3903 2104 3962 de
2131 3918 2409 3972 memoria

379 4024 431 4067 ct
456 4005 923 4088 pronuntiatione
946 4000 1270 4062 dissereret.
1294 3999 1460 4058 Prius
1480 4011 1672 4056 autem
1695 3998 1811 4076 agit
1828 3997 1900 4056 de
1920 4004 2388 4077 pronuntiationu-
2404 4055 2416 4068 .

380 4109 457 4163 Ea
482 4103 755 4162 dividitur
782 4101 841 4157 in
872 4098 1027 4156 vocis
1056 4100 1300 4178 figuram
1332 4108 1389 4155 et
1424 4094 1686 4172 corporis
1726 4107 1961 4154 motum.
2004 4103 2074 4156 In
2101 4119 2245 4159 voce
2277 4123 2413 4182 spe-

518 4206 573 4273 Ῑ.
611 4218 707 4267 Cic.
728 4233 845 4283 pars
868 4213 1039 4282 prima.
2081 4195 2124 4264 8
2227 4203 2235 4214 ’
