2982 4682
641 423 738 494 IN
789 423 1111 492 LIBROS
1157 423 1286 490 AD
1338 424 1418 491 C.
1469 421 2047 494 HERENNIUM.
2320 449 2411 494 xv

271 573 356 631 et
399 556 596 656 quod
623 582 702 629 se
733 558 1046 657 primum
1081 555 1328 654 figuris
1361 559 1879 627 sententiarum
1915 572 1988 628 et
2015 555 2409 630 verborum

276 683 498 753 latina
542 682 838 753 nomina
878 680 1303 778 imposuisse
1351 681 1591 752 innuit
1640 684 1766 765 IV,
1830 707 1896 778 7.
1945 685 2199 778 Itaque
2250 682 2411 754 fieri

278 821 526 908 potest
546 862 566 894 ‚
609 819 694 876 ut
731 829 898 877 eum
925 805 1417 896 Quintilianus
1441 807 1635 876 inter
1668 835 1701 870 α
1728 805 1969 876 minus
1996 805 2319 880 celebres
2340 840 2373 875 η
2392 863 2413 898 ,

267 932 408 1029 qui
439 944 612 1001 ante
638 930 1058 1002 Ciceronem
1090 927 1180 1001 de
1210 944 1360 1002 arte
1397 931 1853 1029 scripserint,
1893 955 2077 1027 quos
2116 931 2239 1003 lib.
2270 938 2373 1005 ΠΙ
2392 990 2414 1026 ,

287 1081 346 1142 i,
391 1054 822 1125 nominatim
867 1051 1064 1125 haud
1100 1069 1425 1126 recenset
1447 1109 1466 1142 ,
1509 1055 1858 1128 retulerit.
1884 1061 2233 1129 Praeterea
2265 1073 2417 1131 tota

265 1179 626 1250 orationis
663 1175 894 1249 forma
931 1179 1354 1275 scriptorem
1404 1176 1683 1277 prodit,
1725 1180 1855 1277 qui
1900 1193 2228 1252 [iteretur
2268 1207 2417 1260 ser-

268 1325 498 1373 mone
532 1300 756 1370 latino
785 1299 933 1394 jam
975 1323 1018 1370 a
1055 1303 1306 1373 Crasso
1335 1313 1408 1372 et
1436 1304 1755 1372 Antonio
1798 1302 1888 1373 ad
1926 1303 2417 1401 eloquentiam

263 1425 612 1510 exculto,
659 1421 988 1494 nondum
1016 1436 1259 1494 tamen
1289 1421 1377 1493 ad
1415 1448 1769 1496 summam
1807 1451 2029 1522 quam
2066 1427 2132 1498 ei
2170 1429 2422 1500 Cicero

261 1548 694 1623 conciliavit
732 1545 1257 1645 perfectionem
1309 1545 1989 1646 absolutionemque
2034 1566 2421 1648 proveet03
2482 1525 2495 1534 ‘

265 1673 479 1768 cujus
527 1693 760 1769 quum
803 1667 1062 1740 nullibi
1106 1672 1553 1742 mentionem
1591 1667 1875 1758 fecerit,
1906 1697 2170 1771 magno
2207 1675 2423 1750 nobis

261 1816 711 1904 argumento
744 1825 896 1872 esse
922 1797 1162 1887 debet,
1185 1825 1386 1890 eum,
1417 1817 1805 1900 antequam
1835 1803 2016 1875 illud
2048 1807 2421 1903 ingenium

265 1930 346 2001 ad
400 1927 918 1998 maturitatem
968 1947 1170 1994 suam
1215 1927 1693 2028 pervenisset,
1734 1925 1825 1998 de
1867 1943 2020 1999 arte
2060 1929 2422 2005 rhetorica

267 2053 674 2154 scripsisse.
697 2079 734 2114 ιι

357 2185 536 2250 Haec
563 2187 745 2246 sunt
771 2195 933 2271 quae
961 2171 1049 2243 de
1077 2171 1196 2242 illa
1219 2170 1707 2270 disputatione
1731 2197 2151 2272 comparare
2181 2178 2420 2272 potui,

269 2304 414 2399 ipse
486 2301 768 2372 mentis
833 2293 1101 2368 dubius
1130 2350 1150 2383 ,
1226 2283 1499 2367 nedum
1567 2295 1721 2368 aliis
1781 2299 1910 2369 viae
1985 2314 2423 2373 monstrator

269 2442 422 2491 esse
460 2416 714 2490 velim.
1966 2496 1977 2507 ἢ

1744 2517 1803 2583 J.
1832 2518 1942 2583 W.
1985 2518 2191 2587 Rus-1«.
