2982 4682
510 397 648 470 356
1182 397 1277 464 M.
1331 398 1407 464 T.
1462 393 1945 465 CICERONIS

504 515 903 617 propositio
940 539 1031 586 ex
1074 537 1151 584 se
1192 513 1639 610 intelligitur,
1669 522 1795 584 au't
1832 513 2227 610 assumptio
2259 515 2632 611 perspicua

502 643 645 716 est,
701 640 771 697 et
828 624 1097 696 nullius
1150 622 1694 723 approbationis
1758 621 2051 720 indiget.
2111 623 2632 720 Propositionis

498 721 1023 835 approbatione
1073 737 1463 834 praeterita,
1524 746 1842 831 quatuor
1886 756 1990 804 ex.
2042 732 2364 830 partibus
2417 757 2628 831 argu-

496 847 841 918 mentatio
869 859 1212 916 tractatur
1242 842 1331 916 ad
1358 844 1559 916 hunc
1589 841 1888 916 modum
1915 870 1931 913 t
1959 873 1994 908 α
2019 848 2050 914 J
2059 842 2301 914 udices
2320 899 2340 932 ,
2383 849 2625 942 quiex

498 957 653 1054 lege
705 957 923 1052 jurati
972 953 1307 1052 judicatis
1328 952 1383 1044 ³,
1430 952 1711 1052 legibus
1760 952 2262 1051 obtemperare
2322 952 2621 1026 debetis

494 1065 1015 1164 Obtemperare
1036 1080 1281 1136 autem
1302 1063 1581 1162 legibus
1602 1089 1748 1136 nou
1764 1065 2098 1162 potestis,
2125 1067 2262 1134 nisi
2286 1063 2358 1134 id
2375 1119 2394 1149 ,
2423 1063 2622 1163 quod

492 1179 840 1275 scriptum
886 1190 993 1246 est
1042 1176 1118 1246 in
1176 1175 1331 1272 lege
1355 1230 1373 1264 ,
1410 1175 1834 1272 sequamini.
1874 1173 2096 1264 Quod
2131 1176 2325 1246 enim
2363 1176 2622 1245 certius

492 1287 667 1384 legis
708 1287 1014 1383 scriptor
1062 1287 1551 1358 testimonium
1602 1284 1994 1356 voluntatis
2031 1307 2176 1354 suae
2211 1281 2619 1381 relinquere

488 1395 761 1492 potuit,
787 1419 1004 1491 quam
1042 1393 1243 1491 quod
1292 1395 1446 1491 ipse
1482 1417 1740 1491 magna
1779 1417 1944 1465 cum
1984 1417 2158 1466 cura
2202 1408 2420 1490 atque
2459 1394 2621 1466 dili-

394 1529 411 1546 *
485 1505 725 1603 gentia
756 1505 1081 1602 scripsit?
1118 1504 1333 1595 Quod
1364 1505 1423 1575 si
1450 1503 1670 1576 literae
1705 1528 1856 1574 non
1885 1519 2282 1591 exstarent,
2319 1529 2618 1602 magno-

485 1639 658 1712 pere
705 1638 825 1685 eas
877 1615 1444 1712 requireremus,
1488 1629 1570 1684 ut
1615 1639 1704 1686 ex
1743 1612 1854 1684 his
1887 1613 2254 1710 scriptoris
2289 1613 2618 1686 voluntas

484 1738 1086 1820 cognosceretur3
1136 1747 1271 1794 nec
1316 1738 1558 1794 tamen
1611 1721 2124 1821 Epaminondae
2174 1727 2616 1820 permittere-
2703 1769 2711 1780 ·

484 1857 680 1920 mus,
726 1857 820 1904 ne
848 1833 908 1904 si
944 1847 1147 1904 extra
1175 1831 1533 1928 judicium
1573 1830 1870 1930 quidem
1913 1847 2145 1918 esset,
2181 1847 2265 1903 ut
2304 1834 2363 1903 is
2403 1832 2614 1906 nobis

481 1945 913 2014 sententiam
950 1941 1126 2038 legis
1166 1946 1808 2042 interpretaretur,
1853 1941 2124 2012 nedum
2162 1967 2359 2014 nunc
2393 1943 2614 2014 istum

392 2109 404 2128 ,
482 2053 837 2149 patiamur
855 2055 910 2138 ⁴,
952 2077 1179 2151 quum
1219 2068 1482 2151 praesto
1530 2054 1644 2125 lex
1699 2057 1834 2138 sit,
1891 2077 2043 2124 non
2091 2075 2182 2124 ex
2236 2076 2357 2140 e0,
2411 2051 2612 2150 quod

478 2163 921 2259 apertissime
956 2165 1304 2260 scriptum
1342 2178 1487 2252 est,
1521 2163 1647 2250 sed
1676 2175 1766 2234 'ex
1804 2187 1894 2234 eo
1914 2217 1933 2250 ,
1967 2161 2167 2259 quod
2205 2185 2350 2234 suae
2385 2187 2610 2235 causae

478 2275 853 2359 convenit,
890 2271 1261 2369 scriptoris
1296 2271 1744 2345 voluntatem
1783 2273 2264 2370 interpretari.
2305 2272 2521 2365 Quod
2549 2277 2608 2346 si

475 2406 625 2469 VOS,
652 2383 957 2480 judiceS,
984 2382 1261 2479 legibus
1285 2381 1786 2482 obtemperare
1815 2381 2131 2472 debetis,
2159 2398 2234 2457 et
2267 2385 2345 2457 id
2373 2383 2606 2457 facere

476 2516 623 2562 non
654 2494 988 2591 potesti3‚
1019 2494 1190 2580 nisi,
1219 2494 1419 2590 quod
1449 2497 1794 2592 scriptum
1817 2484 1847 2538 ⁵
1887 2509 1994 2565 est
2031 2496 2104 2564 in
2134 2495 2320 2591 lege,
2355 2518 2604 2592 sequa-

418 2694 422 2698 ,
473 2604 683 2689 mini,
712 2602 889 2701 quid
922 2627 1151 2675 causae
1180 2616 1326 2692 est,
1363 2606 1543 2701 quin
1571 2606 1790 2677 istum
1817 2619 2069 2680 contra
2094 2606 2322 2704 legem
2354 2604 2603 2678 fecisse

466 2710 803 2806 judicetis
827 2712 911 2783 Ρ»

529 2825 536 2830 '
572 2822 1099 2920 Assumptionis
1135 2837 1375 2895 autem
1424 2822 1948 2923 approbatione
1995 2824 2381 2922 praeterita,
2418 2849 2600 2922 qua·-

471 2930 845 3030 dripartita
898 2934 1001 3003 sic
1046 2930 1174 3003 fiet
1224 2934 1796 3030 argumentatio:
1857 2934 2052 3023 «Qui
2105 2957 2599 3031 saepenumero

338 3082 403 3123 ς
471 3064 603 3110 nos
620 3064 752 3137 per
770 3038 989 3110 fidem
1011 3037 1453 3130 fefellerunt,
1472 3066 1722 3114 eorum
1754 3044 2064 3113 orationi
2082 3040 2300 3113 fidem
2331 3042 2599 3115 habere

472 3174 624 3220 non
650 3148 1021 3222 debemus.
1038 3150 1303 3249 Siquid
1327 3156 1520 3223 enim
1545 3150 1848 3250 perfidia
1866 3153 2154 3224 illorum
2185 3153 2597 3225 detrimenti

470 3261 987 3357 acceperimus,
1028 3284 1243 3333 nemo
1280 3264 1450 3346 erit,
1497 3277 1755 3360 praeter
1791 3278 2072 3333 nosmet
2101 3266 2332 3361 ipsos,
2377 3289 2594 3361 quem

463 3370 624 3465 jure
660 3394 995 3443 accusare
1032 3373 1411 3469 possimus
1449 3376 1551 3444 Ac
1592 3376 1831 3471 primo
1873 3370 2171 3469 quidem
2213 3372 2446 3470 decipi
2485 3377 2594 3445 in-

468 3480 931 3551 commodum
958 3496 1093 3566 est3
1118 3482 1379 3551 iterum
1397 3534 1418 3567 ‚
1434 3480 1738 3553 stultum
1761 3508 1780 3569 3
1800 3483 2037 3569 tertio,
2057 3495 2294 3580 turpe.
2317 3482 2598 3553 Cartha-

468 3591 827 3687 ginienses
860 3603 1101 3661 autem
1140 3615 1460 3692 persoepe
1484 3594 1634 3688 jam
1669 3616 1801 3662 nos
1836 3589 2268 3691 fefellerunt.
2303 3596 2594 3663 Summa

540 3744 591 3792 3.
620 3743 723 3806 ραι·
742 3758 811 3791 0ae
845 3742 953 3807 Iege
972 3742 1222 3807 judicatis.
1252 3744 1353 3807 Qui
1378 3742 1483 3807 lege
1571 3741 1744 3804 stulat3
1779 3758 1926 3806 quare
1957 3742 2150 3806 optimo
2174 3743 2284 3803 jure
2318 3752 2392 3790 est
2419 3742 2480 3789 ab
2504 3744 2592 3791 Er-

460 3824 909 3883 iudicenconntituti
920 3824 1197 3871 estis.Cave
1208 3824 1479 3887 παίωσι-ρι’.
1571 3822 1728 3869 natio
1754 3832 2020 3884 receptum.
2033 3808 2203 3885 ‘Vulgo
2229 3820 2374 3870 istud.
2393 3826 2506 3871 sm.

468 3902 551 3963 qui
569 3911 888 3949 consentanea
910 3901 1007 3963 legi
1020 3900 1205 3962 judicia
1228 3900 1375 3949 sertis.
1641 3902 1690 3949 5.
1718 3900 1848 3955 Nisi,
1879 3900 2017 3965 quod
2046 3898 2296 3963 scriptum.
2329 3898 2588 3949 Schiitziun

534 3983 588 4041 4.
624 3982 777 4028 Istum
808 3978 1077 4045 pau'amur.
1114 3982 1223 4027 Hoc
1265 3978 1482 4043 prebent
1569 3996 1681 4027 cnm
1710 3978 1906 4027 Inllem.
1933 3978 2018 4027 dat
2049 4000 2074 4020 ι
2101 3979 2194 4045 nisi
2222 3978 2301 4040 id,
2335 3978 2470 4043 quod
2495 3994 2532 4027 s.
2551 3998 2576 4021 ι

466 4057 589 4105 MSS
634 4058 855 4107 Gronov.
901 4057 1240 4122 Oudendorpii
1280 4074 1447 4107 omnes
1464 4094 1479 4119 ,
1569 4074 1632 4106 ex
1653 4059 1778 4105 MSS
1795 4057 2055 4123 plerisque.
2078 4056 2202 4107 Edd.
2230 4056 2350 4106 olim
2379 4056 2438 4106 ἑά
2457 4056 2584 4105 omi-

466 4135 630 4185 Guelf.
656 4152 701 4193 ι,
720 4152 749 4183 a
766 4152 781 4195 ς
798 4147 845 4185 et
865 4138 1099 4186 sententia
1120 4138 1377 4187 manifesto
1392 4152 1479 4202 po-
1566 4148 1750 4189 nerunt.
