2982 4682
436 328 571 401 108
1107 330 1207 398 Μ.
1262 332 1341 399 Τ.
1394 329 1890 401 CICERONIS

423 454 715 537 acriter,
766 464 841 523 et
880 450 1301 537 criminose,
1350 468 1422 525 et
1472 452 1895 552 diligenter,
1966 466 2050 523 ut
2093 454 2202 549 agi
2271 476 2386 523 res
2405 506 2424 537 ‚
2493 466 2566 521 et

422 565 575 662 geri
614 564 991 661 negotium
1034 561 1397 654 videatur,
1442 559 1687 637 reru'm
1731 566 2336 661 consequentium
2383 588 2564 634 enu-

422 674 843 747 meratione.

518 788 777 857 XXXI.
810 783 1341 861 Misericordia¹
1378 783 1960 857 commovebitur
2013 782 2366 855 auditoris
2414 784 2563 853 ani-

422 906 631 967 mus²
652 950 673 981 ‚
706 896 765 965 si
818 896 1087 965 variam
1138 892 1596 967 fortunarum
1651 890 2339 966 commutationem³
2375 893 2566 963 dice·

422 1028 627 1091 mus;
667 1006 727 1075 si
764 1003 1233 1077 ostendemus
1256 1058 1277 1091 ,
1312 1006 1389 1075 in
1411 1003 1684 1103 quibus
1707 1003 2153 1077 commodis‘·
2181 1002 2566 1095 fuerimus»,

423 1113 845 1213 quibusque
908 1115 1393 1187 incommodis
1444 1120 1710 1204 simus,
1782 1116 2327 1212 comparatione
2345 1113 2398 1187 ⁵.
2453 1120 2561 1204 Si,

418 1250 580 1324 quae
636 1224 852 1297 nobis
904 1222 1151 1299 futura
1192 1228 1376 1314 sint,
1426 1227 1568 1296 nisi
1637 1249 1928 1297 causam
1993 1222 2566 1311 obtinuerimus,

421 1334 1011 1437 enumerabimus
1028 1390 1047 1421 ,
1078 1350 1153 1407 et
1180 1330 1723 1407 ostendemus⁶.
1752 1334 1826 1406 Si
1859 1330 2466 1431 supplicabimus,
2493 1351 2566 1406 et

420 1472 557 1519 nos
590 1444 731 1517 sub
776 1470 1072 1534 eorum,
1112 1470 1431 1542 quorum
1470 1443 2040 1516 misericordiam
2083 1443 2566 1542 captabimus,

422 1564 856 1653 potestatem
896 1554 1382 1650 subjiciemus.
1422 1556 1528 1641 Si,
1574 1554 1756 1652 quid
1795 1556 2066 1625 nostris
2107 1554 2566 1651 parentibus,

421 1664 701 1754 liberis,
720 1667 977 1738 ceteris
989 1666 1405 1737 necessariis
1434 1688 1775 1738 casurum
1799 1666 1890 1736 sit
1907 1676 1934 1720 ‘7
1958 1678 2264 1765 propter
2285 1681 2566 1739 nostras

420 1776 857 1849 calamitates
874 1831 893 1866 ,
919 1777 1330 1879 aperiemus
1346 1830 1367 1865 ,
1386 1790 1459 1848 et
1493 1776 1707 1847 simul
1731 1774 2206 1849 ostendemus
2223 1830 2242 1864 ‚
2275 1775 2562 1849 illorum

422 1912 557 1959 nos
588 1882 1033 1959 solitudine⁸
1084 1900 1156 1957 et
1198 1888 1523 1971 miseria,
1573 1909 1723 1957 non
1779 1888 2044 1958 nostris
2087 1886 2566 1959 incommodis

422 1997 687 2071 dolere.
744 1999 813 2070 Si
881 1996 974 2070 de
1034 1998 1450 2086 clementia,
1517 1996 2003 2087 humanitate,
2077 1998 2564 2070 misericordia

422 2122 667 2179 nostra
686 2162 705 2191 ,
726 2108 965 2205 quain
991 2108 1169 2180 alios
1197 2108 1305 2179 usi
1325 2132 1608 2192 sumus,
1641 2109 2072 2207 aperiemus.
2106 2109 2180 2179 Si
2214 2132 2350 2178 nos
2379 2133 2564 2181 sem-

418 2242 552 2316 per
586 2232 714 2290 aut
761 2217 889 2290 diu
924 2219 1000 2289 in
1051 2219 1259 2290 malis
1307 2216 1528 2291 fuisse
1581 2218 2073 2290 ostendemus.
2114 2219 2188 2289 Si
2227 2234 2562 2291 nostrum

414 2325 685 2418 fatum,
733 2343 859 2400 aut
900 2327 1267 2401 fortunam
1318 2353 1883 2426 conqueremur.
1933 2330 2004 2400 Si
2063 2331 2386 2401 animum
2423 2357 2562 2401 no-

486 2509 685 2558 1111.
714 2521 759 2558 Ι.
776 2507 1135 2558 Misericordia.
1152 2507 1315 2556 Tertia
1330 2523 1449 2556 eou-

414 2587 653 2635 clusionis
688 2601 801 2651 μη
832 2585 1224 2646 commiseratio,
1264 2603 1309 2635 c.
1351 2588 1446 2652 3υ,

413 2666 642 2717 Ciceroni
678 2667 995 2730 conquestio,
1034 2669 1230 2715 Invent.
1270 2670 1325 2726 1,
1373 2668 1463 2728 52v

416 2755 467 2794 et
490 2745 576 2794 55.
593 2745 775 2794 Wx'rs.

485 2840 539 2874 a.
598 2821 855 2872 Auditor-is
904 2821 1113 2874 animus.
1166 2823 1443 2874 Secundum

416 2906 542 2956 MSS
564 2914 613 2952 et
641 2903 760 2955 edd.
789 2905 1027 2953 lectiones
1060 2905 1217 2954 varias
1249 2903 1445 2954 videtur

416 2998 503 3036 aut
520 2987 725 3036 auditor
748 2986 911 3035 deleto
927 2986 1121 3035 animus
1146 2985 1407 3051 legendum
1423 3023 1440 3048 ‚

414 3079 501 3117 aut
522 3089 545 3112 ι
579 3067 885 3116 auditoribus
910 3067 1101 3114 suimus
1124 3087 1173 3115 a.
1194 3065 1333 3114 Nihil
1358 3065 1445 3115 d&

418 3148 567 3197 crevi.
603 3148 733 3196 Eu.
753 3171 823 3183 --
846 3145 958 3194 Seh.
984 3146 1117 3198 delet
1144 3169 1173 3188 οι
1204 3146 1443 3196 auditoris

414 3227 606 3275 animus
618 3247 660 3273 ιι.
682 3225 779 3284 Sic,
795 3225 977 3291 inquit,
988 3229 1133 3274 Voss.
1153 3226 1205 3280 3.
1218 3235 1267 3274 et
1285 3227 1357 3274 sic
1368 3244 1443 3275 ιι·-

410 3306 574 3355 bitror
614 3314 863 3353 suctorem
904 3305 1180 3368 scripsisse,
1214 3317 1273 3353 ut
1304 3305 1441 3368 qnod

409 3385 494 3435 alii
508 3383 723 3441 addunt,
746 3405 769 3424 ι
791 3382 1027 3431 auditoris
1045 3383 1238 3431 animus
1256 3405 1298 3443 n,
1318 3383 1443 3448 glos·

413 3463 563 3514 satori
591 3460 843 3510 debentur.
882 3487 953 3497 —
988 3461 1303 3510 Auditore'bm
1334 3465 1439 3512 sine

412 3539 609 3590 animm
640 3538 754 3588 edd.
795 3541 956 3600 1476,
985 3539 1121 3589 Med.
1158 3537 1318 3604 1498,
1346 3541 1437 3589 ulia

414 3620 591 3687 glossa.
616 3618 732 3668 sch.
768 3617 919 3683 igitur
942 3619 1240 3684 probandus.

486 3701 537 3749 3.
588 3698 793 3747 Variam
820 3697 948 3764 fort.
992 3701 1433 3750 commutationem.

410 3779 565 3842 Cujus
578 3777 648 3826 rei
668 3795 747 3826 ex.
768 3779 1011 3842 egregium
1033 3779 1183 3828 babes
1202 3781 1251 3828 in
1264 3779 1429 3832 Cicer.

412 3858 665 3923 ngas-iana
688 3859 736 3907 3.
763 3859 941 3906 Wrrz.

482 3946 530 3994 4.
569 3940 629 3986 In
664 3935 837 4002 quibus
878 3937 1143 3985 commodis
1156 3935 1426 4002 ficet-imus.

409 4016 653 4068 Fuen'mus
669 4031 763 4080 pro
778 4014 974 4080 vulgato
976 4015 1171 4079 finimus
1182 4035 1201 4073 ,-
1219 4019 1427 4081 primum

1531 2507 1688 2557 altero
1727 2510 1947 2562 membro
1989 2520 2065 2558 est
2096 2508 2259 2558 sonus.
2293 2508 2373 2558 stc
2405 2509 2558 2560 babet

1530 2588 1624 2636 MS
1651 2589 1788 2638 Cort.
1823 2605 1936 2638 cum
1967 2587 2193 2654 pluribus
2217 2587 2334 2638 edd.
2361 2589 2557 2638 Habent

1531 2667 1660 2714 Mss
1695 2681 1742 2718 et
1768 2667 1882 2717 edd.
1923 2683 1998 2731 pr.
2047 2667 2271 2732 quadam
2307 2669 2361 2716 in
2401 2667 2556 2714 altero

1529 2746 1749 2795 membro
1768 2763 1951 2806 sumus,
1970 2746 2108 2810 quod
2127 2757 2287 2794 ortum
2307 2763 2334 2794 a
2355 2747 2554 2794 coufor-

1527 2829 1742 2877 mstioue
1773 2843 1884 2877 cnm
1903 2826 2112 2892 fidmus.
2139 2827 2234 2875 Sed
2265 2827 2319 2874 iu
2343 2843 2554 2891 sequen-

1528 2906 1662 2955 tibus
1699 2907 1930 2955 membris
1970 2907 2154 2970 pariter
2187 2918 2300 2954 suut
2347 2907 2555 2966 conjun-

1528 2985 1666 3036 ctivi.
1687 2988 1820 3035 Eur.
1849 3001 1996 3050 quem
2015 2986 2196 3051 probat
2223 2985 2338 3035 Sch.

1601 3067 1649 3114 5.
1694 3067 2086 3130 comparatione.
2123 3065 2238 3113 Non
2275 3065 2434 3130 placet
2471 3065 2554 3113 illa

1528 3158 1648 3206 vox,
1691 3161 1804 3209 quae
1845 3147 1898 3192 in
1935 3155 2155 3193 extremo
2180 3144 2280 3193 fine
2319 3145 2554 3209 phraseos

1527 3223 1732 3273 exsulat.
1761 3227 1886 3287 Quae
1913 3225 2116 3272 fortasse
2143 3225 2298 3288 glossa
2328 3235 2420 3274 est.

1596 3301 1646 3352 6.
1682 3305 1748 3350 Ee
1771 3305 2095 3352 ostendemus.
2125 3305 2240 3355 Sch.
2279 3314 2333 3351 ut
2363 3304 2552 3352 futilem

1525 3383 1738 3447 glossam
1763 3385 2018 3446 expunxit.
2053 3383 2238 3430 Verum
2263 3392 2425 3431 tamen
2445 3401 2554 3432 rre-

1524 3463 1758 3520 diderim,
1795 3463 1910 3526 quia
1943 3463 2104 3510 verbis
2140 3463 2316 3510 iterare
2355 3473 2554 3512 senten-

1523 3541 1638 3590 tiam
1669 3552 1841 3589 nostro
1875 3542 2064 3589 auctori
2093 3542 2332 3590 solemne.

1595 3637 1644 3682 7.
1674 3621 1728 3668 Si
1743 3654 1758 3680 ,
1787 3619 1933 3684 quid.
1956 3655 1969 3668 .
1992 3637 2240 3669 mascarum
2266 3619 2345 3670 sit.
2369 3621 2419 3669 si
2439 3623 2556 3685 quis

1520 3701 1591 3749 eis
1613 3717 1754 3749 casus
1769 3700 2038 3748 immineat.

1593 3781 1643 3827 8.
1668 3777 1956 3827 Solitudine.
1991 3779 2073 3826 Sic
2107 3795 2202 3844 pro
2221 3777 2554 3826 sollieitudine

1519 3862 1785 3918 Gruterus,
1833 3857 2115 3906 volentibus
2157 3857 2258 3906 Pal.
2310 3873 2392 3922 pr.
2448 3875 2549 3908 sec.

1518 3938 1708 4002 quinto.
1734 3939 1798 3985 Et
1821 3952 1935 3984 sane
1961 3936 2094 3983 solus
2120 3947 2196 3984 est
2221 3937 2349 3984 inter
2369 3937 2553 3984 multos

1519 4033 1664 4082 quem
1685 4015 1828 4064 amici
1858 4015 2158 4079 reliquerunt
2172 4049 2188 4078 ,
2207 4025 2256 4066 et
2273 4013 2425 4066 Ovid.
2451 4015 2558 4064 hoc

408 4107 611 4166 propter
644 4093 1000 4159 antecedentis,
1030 4095 1205 4146 deinde
1232 4097 1347 4164 quis
1360 4098 1427 4147 -in
1515 4111 1695 4148 sensu:
1725 4119 1750 4140 ι
1769 4095 1904 4145 solus
1930 4094 2026 4144 eris
2045 4117 2087 4146 ι.
