2982 4682
353 392 358 398 -
443 339 584 414 360
1111 348 1208 414 Μ.
1259 349 1336 415 Τ.
1391 347 1885 418 CICERONIS

442 482 572 538 est.
614 466 831 556 Quod
873 469 930 536 si
975 465 1212 536 solum
1248 462 1763 564 spectaretur—3,
1796 491 1879 538 ac
1907 465 2091 538 nihil
2110 519 2131 554 ‚
2175 491 2329 564 quo
2356 483 2571 566 pacto

441 589 868 648 tractaretur
902 573 978 645 id
997 628 1016 660 ‚
1059 575 1260 672 quod
1292 577 1677 647 excitatum
1718 591 1901 648 esset
1920 580 1953 628 4
1971 631 1991 664 ,
2032 573 2335 648 referret
2370 603 2387 646 t
2438 601 2567 649 ne-

439 710 806 784 quaquam
835 683 1162 757 tantum⁵
1191 688 1384 758 inter
1413 711 1738 758 summos
1768 682 2137 759 oratores⁶
2178 700 2253 758 et
2288 685 2566 758 medio-

439 819 596 868 cres
635 797 982 867 interesse
1011 797 1565 869 existimaretur.

535 905 824 975 Variare
883 919 1120 977 autem
1187 907 1593 979 orationem
1662 930 2101 1004 magnopere
2168 906 2563 1004 oportebit.

436 1018 618 1086 Nam
639 1013 978 1086 omnibus
1007 1018 1078 1084 in
1111 1015 1332 1088 rebus
1361 1018 1759 1090 similitudo
1795 1031 1903 1089 est
1934 1018 2275 1088 satietatis
2312 1031 2563 1088 mter.

435 1124 518 1196 ld
555 1123 710 1196 fieri
750 1127 1066 1222 poterit‚,
1099 1129 1158 1198 si
1189 1152 1340 1198 non
1379 1129 1707 1200 similiter
1752 1149 2036 1226 semper
2076 1126 2568 1224 ingrediamur

432 1235 512 1304 in
549 1237 1267 1332 argumentationem.
1313 1241 1494 1311 Nam
1549 1241 1863 1335 primum
1918 1239 2247 1308 omnium
2288 1239 2565 1334 generi-

435 1343 576 1415 bus
615 1347 785 1442 ipsis
823 1345 1264 1442 distinguere
1314 1351 1655 1420 convenit
1704 1350 2183 1432 orationem⁷‚
2219 1346 2363 1418 hoc
2403 1363 2555 1434 est,

433 1467 589 1524 tum
631 1452 1054 1526 inductione
1101 1457 1244 1542 uti,
1306 1471 1459 1528 tum
1511 1459 2085 1529 ratiocinatione.
2146 1456 2428 1528 Deinde
2490 1461 2563 1528 in

423 1565 580 1660 ipsa
623 1561 1296 1662 argumentatione⁸
1331 1589 1482 1638 non
1522 1591 1811 1665 semper
1853 1591 1893 1636 a
1932 1568 2429 1664 propositione
2458 1567 2563 1637 in·

435 1676 707 1771 cipere,
745 1699 878 1746 nec
913 1699 1200 1773 semper
1241 1679 1571 1776 quinque
1609 1677 1933 1774 partibus
1970 1676 2173 1749 abuti
2196 1688 2263 1764 9,
2322 1701 2563 1776 neque

436 1784 684 1856 eadem
739 1786 1020 1857 ratione
1069 1789 1493 1885 partitiones
1560 1787 1878 1885 expolire
1900 1796 2005 1876 ¹⁰3
2064 1784 2191 1856 sed
2254 1800 2410 1857 tum
2471 1785 2563 1857 ab

435 1897 926 1993 assumptione
995 1898 1315 1995 incipere
1385 1896 1591 1986 licet,
1648 1912 1803 1968 tum
1869 1894 1961 1967 ab
2036 1887 2561 1993 approbatione

434 2003 814 2092 alterutra,
869 2020 1023 2077 tum
1079 2021 1422 2104 utraque,
1469 2023 1627 2078 tum
1669 2007 1846 2091 hoc,
1906 2021 2059 2076 tum
2120 2005 2247 2076 illo
2299 2029 2561 2102 genere

415 2113 954 2212 complexionis
975 2117 1107 2187 uti.
1145 2117 1224 2188 ld
1249 2132 1336 2188 ut
1359 2118 1835 2217 perspiciatur
1853 2127 1940 2204 ¹¹,
1975 2129 2105 2187 aut
2128 2114 2559 2200 scribamus,

1538 2297 1587 2336 et
1634 2285 2078 2344 ratiocinationem,
2128 2284 2215 2333 eed
2259 2295 2445 2334 tantum
2492 2283 2561 2334 ad

1538 2366 1953 2415 ratiocinationem
1979 2366 2207 2430 pertinet.

430 2284 673 2334 eliciendo
710 2285 884 2334 mentia
937 2301 1132 2335 assensu
1173 2285 1450 2353 intelligen-

434 2364 567 2413 dum.
597 2368 710 2415 Scn.

501 2444 1448 2511 3.Quodsisolumspectareeur.1.allem.

429 2547 456 2568 ι.
476 2523 612 2590 quod
637 2524 678 2572 ai
701 2524 859 2571 solum
875 2523 930 2571 id
947 2525 1083 2590 quod
1101 2526 1352 2573 inventum
1375 2536 1450 2575 eat

430 2620 454 2650 e
489 2612 584 2651 ect.
602 2624 625 2645 ι·

453 2620 550 2737 ¹34.
578 2679 864 2729 Excitatum
900 2690 1044 2731 esset.
1082 2680 1283 2730 Inueni.
1318 2702 1346 2725 ιι
1374 2696 1449 2729 ea-

369 2787 384 2795 -
425 2770 504 2811 set
525 2758 855 2824 excogitatum
876 2779 921 2806 ιι.

498 2840 547 2887 5.
563 2839 886 2902 Nequaquam
905 2848 1114 2885 tantum.
1132 2837 1324 2887 Ernesti
1346 2848 1450 2887 tan-

427 2930 526 2966 tum
539 2954 558 2977 ,
598 2917 737 2982 quod
771 2916 906 2964 abeat
943 2917 1006 2966 ab
1034 2918 1149 2967 edd.
1189 2934 1264 2982 pr.
1300 2918 1451 2967 deleri

425 2996 640 3045 volebat.
681 2984 842 3046 Nobis
885 2996 938 3043 id
980 2998 1264 3062 emphaseos
1306 3014 1450 3047 cauae

426 3074 716 3125 servandum
735 3074 944 3123 videtur.
972 3076 1084 3125 scu.

496 3158 547 3204 6.
572 3155 822 3203 Oratores.
851 3154 1004 3203 Abest
1024 3171 1052 3204 a
1078 3155 1201 3203 Pau.
1221 3156 1446 3217 omuibus

424 3248 475 3285 et
513 3234 760 3285 Grevenb.
797 3233 990 3282 videtur
1031 3246 1189 3284 tamen
1223 3252 1445 3285 necem·

370 3352 384 3359 -
423 3318 571 3367 rium.
595 3316 766 3363 Gnur.

501 3412 550 3458 7.
619 3393 921 3442 Orau'onem.
997 3378 1254 3442 Schiitzim
1316 3394 1445 3444 delet

421 3478 548 3525 hanc
595 3490 794 3533 vocem,
845 3472 982 3537 quod
1025 3472 1161 3521 abest
1207 3490 1234 3521 a
1288 3474 1439 3524 codd.

420 3555 554 3603 Oud.
588 3564 637 3603 et
679 3552 758 3600 ed.
797 3552 980 3601 omnib.
1019 3563 1067 3601 et
1103 3553 1241 3617 quod
1271 3553 1442 3602 melius

414 3634 676 3684 arbitratur
696 3632 893 3681 verbum
913 3632 1213 3696 distinguere
1229 3632 1292 3680 ad
1311 3644 1443 3681 ante-

417 3714 595 3763 cedens
613 3712 1089 3777 argumentationem
1119 3712 1301 3759 referri.

487 3796 536 3843 8.
564 3790 1014 3854 Argumentatione.
1067 3789 1320 3839 Schiitziua
1361 3790 1443 3839 dat

414 3872 787 3923 ratiocinatione
797 3906 811 3927 ,
832 3872 944 3935 quia
958 3906 972 3929 ‚
986 3871 1146 3934 inquit
1158 3906 1172 3929 ‚
1190 3885 1443 3934 argumen-

415 3953 600 4001 tatione
614 3952 842 4000 hocloco
859 3952 1002 3998 nimia
1019 3947 1266 3997 infinitum
1286 3958 1438 4001 essen

411 4048 523 4079 nam
541 4048 651 4094 quae
673 4042 964 4095 sequuntur,
983 4045 1084 4077 non
1097 4028 1160 4077 ad
1178 4036 1452 4092 utrumque·

413 4126 561 4173 genua
599 4110 1028 4175 argumentationis
1041 4142 1058 4169 ‚
1097 4108 1434 4158 inductionem

1608 2460 1661 2509 9.
1706 2444 1873 2494 Abuei.
1924 2441 2182 2493 Schiitaiue
2230 2444 2319 2492 dat
2358 2464 2389 2485 ι
2421 2442 2561 2492 abuti

1536 2524 1767 2573 convenit
1784 2546 1811 2568 n
1844 2541 1871 2572 e
1892 2522 2010 2571 cod.
2040 2524 2177 2571 Leid.
2208 2540 2268 2587 a,
2296 2523 2432 2588 quod
2454 2539 2561 2571 me-

1534 2600 1630 2653 lius
1666 2603 1787 2652 dicit
1818 2602 1999 2667 repeti,
2035 2602 2101 2650 ad
2130 2604 2411 2668 oppositum
2446 2599 2563 2650 lieet

1535 2682 1759 2731 relatum.

1612 2776 1692 2810 10.
1720 2759 2010 2809 Par-titiones
2036 2758 2271 2824 expolire.
2300 2756 2561 2809 Scbiitaiua

1537 2840 1739 2905 corrigit
1756 2850 1947 2904 partes,
1966 2838 2097 2902 quia,
2118 2838 2301 2903 inquit,
2320 2854 2420 2885 nou
2444 2854 2557 2903 par-

1536 2920 1648 2968 titio
1672 2918 2053 2967 ratiocinationis
2070 2954 2085 2979 ,
2108 2918 2194 2967 aed
2216 2928 2376 2983 partes
2399 2933 2556 2983 expo-

1538 2996 1743 3045 liuntur.

1614 3094 1635 3123 ι
1650 3092 1694 3127 1.
1722 3076 1789 3125 td
1820 3088 1875 3124 uc
1900 3074 2247 3139 perspiciatur.
2269 3108 2283 3122 .
2303 3090 2559 3123 κακω-

1536 3172 1667 3213 mus,
1692 3166 1786 3204 ete.
1803 3156 1899 3203 Pro
1915 3154 2246 3219 perspiciatur·
2264 3154 2452 3203 Ernesti
2478 3169 2556 3201 re-

1533 3236 1682 3298 quirit
1694 3234 2074 3302 perficiaturaut
2086 3232 2241 3280 simile
2258 3232 2380 3297 quid
2393 3269 2408 3296 ,
2423 3234 2555 3296 quia,

1534 3314 1723 3377 inquit,
1772 3329 1874 3362 nou
1914 3324 1986 3363 est
2027 3330 2201 3377 cernuo,
2229 3312 2291 3361 de
2326 3312 2559 3360 facultate

1531 3392 1852 3459 intelligendi,
1871 3391 1958 3440 eed
1979 3391 2172 3456 agendi,
2190 3394 2223 3439 ἰ.
2246 3408 2292 3440 e.
2317 3390 2556 3439 varianda

1532 3472 1783 3521 orationis.
1814 3469 2071 3519 Schiitziua
2099 3469 2182 3519 dat
2206 3487 2219 3519 :
2252 3492 2277 3513 σι
2301 3470 2356 3517 id
2376 3479 2433 3517 ut
2456 3486 2554 3519 me-

1531 3549 1627 3599 lius
1659 3552 1983 3615 perspiciatur
2006 3572 2061 3610 ι,
2108 3549 2331 3614 deletque
2366 3550 2417 3596 in
2456 3548 2555 3599 fine

1530 3631 1677 3678 verba
1705 3646 1719 3680 :
1747 3653 1772 3671 «-
1797 3642 1851 3679 ut
1889 3646 2035 3695 quam
2068 3628 2208 3677 facile
2244 3629 2369 3676 facta
2405 3630 2467 3676 ait
2501 3648 2554 3679 υ.

1528 3714 1670 3759 Hunc
1710 3720 1898 3770 textus,
1937 3711 2122 3773 inquit,
2161 3707 2453 3774 particulam
2491 3706 2555 3755 ad

1531 3790 1779 3837 Victorini
1804 3790 2138 3837 auctoritatem
2157 3786 2547 3843 accommodavit

1531 3883 1818 3934 quamquam
1854 3867 1996 3916 valde
2037 3882 2225 3924 vereor,
2265 3882 2329 3913 ue
2364 3875 2463 3913 tota
2490 3866 2553 3913 sit

1529 3948 1589 3995 ab
1630 3948 2067 4012 interpolator-ibus
2095 3944 2301 3994 conflata
2346 3958 2359 3991 ε
2386 3945 2437 3992 ἰιι
2466 3944 2547 3994 ed.

1527 4028 1645 4077 ΔΜ.
1672 4030 1860 4077 Camer.
1877 4028 2054 4090 legitur
2080 4040 2095 4075 :
2118 4046 2141 4069 ι
2164 4036 2217 4073 ut
2244 4040 2391 4087 quam
2412 4023 2553 4071 facile

1525 4107 1589 4157 sit
1608 4107 1793 4155 factm.
1808 4108 1929 4155 lia-c
1945 4106 2089 4154 verba
2105 4126 2131 4147 σι
2144 4116 2201 4153 ut
2218 4118 2362 4168 quam
2374 4102 2409 4151 s.
2422 4118 2461 4151 a.
2476 4100 2551 4151 s.-
