2982 4682
462 338 605 410 312
1140 340 1237 406 Μ.
1286 340 1367 407 Τ.
1419 338 1916 408 CICERONIS

462 484 709 548 causa,
750 474 827 531 te
858 457 1154 529 brevius
1174 512 1195 545 ,
1236 482 1457 555 quam
1515 472 1806 556 paratus
1857 455 2114 545 fueris,
2153 482 2310 529 csse
2357 458 2596 532 dictu..

460 595 659 659 rum,
689 569 1153 642 commodum
1180 582 1291 639 est
1314 568 1672 665 polliceri3
1695 592 1850 637 non
1877 569 2324 638 imitaturum
2353 569 2600 641 adver-

462 686 757 754 sarium.
802 684 931 751 Sin
976 704 1097 750 res
1148 676 1387 767 dabit,
1436 704 1592 748 non
1633 677 1894 748 inutile
1939 691 2050 749 ωε
2095 676 2190 748 ab
2237 678 2476 776 aliqua
2515 704 2598 751 re

462 816 651 862 nova
690 805 819 861 aut
847 789 1151 861 ridicula
1184 790 1546 885 incipere,
1585 803 1712 859 aut
1749 812 1842 859 ex
1877 802 2204 884 tempore
2237 812 2400 885 quae
2431 804 2600 861 nata

460 906 590 989 sit3
626 901 829 999 quod
849 924 1113 999 genus»,
1150 898 2282 996 strepitum‚acclamationem¹⁷;
2303 915 2424 970 aut
2448 901 2596 995 jam

461 1027 706 1109 parata
724 1004 789 1055 ¹⁸
808 1067 829 1100 ‚
860 1036 1023 1107 quae
1040 1010 1153 1080 vel
1174 1010 1568 1107 apologum
1591 1063 1612 1096 ‚
1641 1010 1758 1081 vel
1780 1008 2092 1080 fabulam
2111 1010 2262 1095 ,vel
2281 1011 2600 1107 aliquam

462 1126 833 1193 contineat
870 1122 1315 1201 irrisionem;
1354 1136 1521 1208 aut,
1573 1123 1634 1191 si
1679 1122 1786 1191 rei
1831 1122 2140 1217 dignitas
2177 1119 2446 1192 adimet
2481 1125 2600 1217 jo-

462 1230 675 1303 candi
724 1230 1178 1317 facultatem,
1238 1230 1511 1328 aliquid
1568 1234 1812 1315 triste,
1853 1256 2160 1318 novum,
2209 1231 2598 1319 horribile,

464 1346 705 1413 statim
752 1368 905 1413 non
955 1340 1504 1413 incommodum
1553 1357 1662 1413 est
1711 1344 2028 1438 injicere.
2085 1346 2266 1413 Nam
2313 1358 2398 1413 ut
2457 1342 2602 1415 cibi

462 1454 749 1522 satietas
782 1466 857 1521 et
886 1449 1251 1523 fastidium
1278 1467 1405 1523 aut
1430 1452 1814 1523 subamara
1847 1452 2088 1549 aliqua
2113 1477 2194 1523 re
2217 1452 2602 1539 relevatur,

396 1610 403 1616 -
464 1575 595 1630 aut
632 1562 827 1631 dulci
862 1562 1271 1659 mitigatur;
1312 1568 1413 1633 sic
1474 1564 1760 1634 animus
1818 1560 2140 1635 defessus
2191 1562 2597 1654 audiend0‚

468 1684 595 1741 aut
638 1670 1114 1743 admiratione
1146 1674 1586 1771 integratur,
1613 1690 1739 1746 aut
1763 1678 1912 1745 risu
1943 1683 2356 1745 novatur19.

562 1786 823 1853 XVIII.
862 1784 1127 1877 (xvm.)
1162 1788 1265 1855 Ac
1304 1786 1690 1884 separatim
1727 1784 2024 1883 quidem
2045 1838 2066 1870 ‚
2101 1808 2264 1879 quae
2289 1783 2382 1855 de
2411 1786 2604 1880 prin-

468 1894 661 1990 cipio
698 1907 772 1963 et
810 1895 1342 1965 insinuatione¹
1388 1894 1696 1966 dicenda
1745 1893 2219 1979 videbantur,
2263 1892 2418 1966 haec
2453 1893 2606 1966 fere

470 2016 664 2073 sunt.
688 2006 904 2074 Nunc
922 2003 1267 2099 quiddam
1290 2004 1610 2077 breviter
1629 2020 1700 2075 et
1727 2006 2260 2076 communita-²
2285 2004 2376 2076 de
2401 2018 2620 2077 utro-·

470 2136 615 2209 que
666 2113 1233 2210 praecipiendum
1284 2115 1594 2187 videtur.

568 2222 961 2295 Exordium
1000 2227 1528 2296 sententiarum
1565 2239 1640 2296 et
1675 2226 2038 2321 gravitatis
2066 2224 2460 2322 plurimum
2489 2223 2610 2295 de-

468 2330 599 2404 bet
634 2332 941 2422 habere,
988 2352 1060 2407 et
1098 2338 1403 2408 omnino
1438 2340 1724 2425 omnia,
1768 2361 1934 2434 quae
1968 2336 2336 2434 pertinent
2372 2334 2462 2406 ad
2497 2334 2604 2405 di-

472 2448 817 2541 gnitatem
841 2501 863 2534 ‚
902 2447 979 2516 in
1012 2471 1089 2519 se
1126 2449 1539 2536 continere,
1584 2462 1968 2546 propterea
2007 2446 2302 2546 quodid
2331 2447 2608 2544 optime

470 2553 887 2626 faciendum
916 2571 1055 2644 est,
1100 2557 1303 2654 quod
1338 2574 1704 2630 oratorem
1731 2557 2044 2629 auditori
2067 2560 2374 2628 maxime
2407 2581 2606 2627 com-

474 2661 815 2736 mendet³
858 2695 875 2736 ε
912 2666 1351 2763 splendoriS‚
1396 2684 1471 2740 et
1506 2668 1936 2758 festivitatis,
1967 2684 2040 2742 et
2075 2667 2604 2740 concinnitudi-

554 2886 573 2915 ι
588 2885 635 2930 7.
658 2869 807 2932 Quod
822 2885 1007 2934 genus,
1022 2870 1291 2935 strepitant,
1322 2871 1497 2920 acela·
1587 2873 1814 2920 clamatio
1829 2894 1878 2921 2.
1909 2873 2027 2920 Seu.
2047 2897 2118 2908 —
2147 2869 2434 2918 Gulielmius
2459 2870 2610 2919 male-

478 2947 759 2994 mationem.
788 2945 985 2996 Schiitz.
1012 2966 1125 2997 cum
1150 2950 1287 2999 Oliv.
1316 2973 1345 2994 ι
1362 2951 1502 3015 quod
1587 2951 1674 3000 bat
1695 2967 1758 3000 ex
1791 2953 1939 3000 Grev.
1967 2951 2396 2998 exclamationem.

476 3040 663 3089 genua,
688 3026 921 3088 strepitu,
946 3029 1292 3078 acclamatione
1312 3051 1355 3076 »-
1396 3032 1469 3078 Ita
1484 3064 1502 3088 ,
1666 3032 1746 3079 18.
1781 3031 1886 3078 Aut
1897 3029 2010 3095 jun
2033 3042 2236 3093 parata.
2254 3029 2392 3077 Idem
2413 3026 2612 3076 Guliel-

476 3104 983 3167 iuquit,aeribeudum
1004 3125 1109 3155 eaae
1128 3109 1253 3157 vidit
1270 3109 1498 3158 hmbin.
1591 3111 1718 3157 mina
1751 3110 2036 3174 preferebat
2077 3125 2140 3156 ex
2181 3107 2432 3156 Grevenb.
2478 3129 2507 3148 σι
2525 3117 2612 3154 aut

480 3192 529 3230 et
572 3182 644 3228 sic
690 3193 763 3229 eat
802 3185 858 3231 iu
902 3185 1015 3234 cod.
1052 3189 1195 3236 Voss.
1240 3205 1288 3236 c.
1330 3189 1502 3236 Schol.
1584 3191 1684 3251 jam
1711 3201 1908 3254 pencta
1921 3211 1966 3237 ιι.
2003 3189 2168 3236 Gaur.

484 3260 629 3322 Quod
656 3277 815 3324 genus
850 3263 979 3308 enim
1011 3275 1085 3310 est
1118 3265 1153 3311 i.
1190 3281 1242 3328 q.
1278 3255 1399 3326 οἷον,
1444 3279 1502 3316 ut
1665 3285 1748 3331 ¹9·
1786 3271 1890 3316 Aue
1928 3267 2026 3316 risu
2071 3278 2294 3316 novatur.
2333 3267 2415 3314 sic
2461 3265 2612 3314 codd.

480 3354 641 3402 aaepe3
673 3354 791 3402 ergo
814 3338 1015 3388 ablativi
1042 3345 1311 3392 necessario
1338 3347 1502 3408 requi·
1589 3351 1754 3397 Graev.
1782 3359 1832 3395 et
1859 3347 1972 3395 edd.
2011 3350 2184 3411 primae
2221 3362 2378 3409 nsque
2403 3345 2471 3394 ad
2491 3345 2610 3394 Ald.

480 3430 671 3466 runt-r.
706 3419 767 3464 In
800 3418 930 3466 libro
956 3421 1119 3466 Ursini
1146 3433 1250 3468 erat
1288 3443 1309 3465 ι
1329 3424 1504 3486 strepi·
1591 3429 1676 3491 qui
1703 3429 1888 3492 primns
1907 3427 2060 3474 edidit
2079 3436 2353 3475 renovem.
2373 3424 2505 3473 mad
2531 3425 2612 3472 hic

484 3508 589 3545 tum
611 3496 1005 3545 acclamationem
1032 3498 1249 3548 dicemus
1258 3523 1301 3548 n.
1316 3505 1504 3550 Verum
1592 3507 1755 3570 aptius
1777 3517 1826 3554 et
1845 3505 2152 3569 exquisitius.
2171 3505 2300 3554 Eut.

480 3575 579 3624 hoc
604 3575 819 3624 dicemus
844 3575 1049 3625 debetur
1070 3581 1401 3642 grammatico,
1417 3581 1506 3645 qui
1663 3587 1853 3633 xvlu.
1887 3601 1934 3634 ι.
1959 3585 2026 3631 Ee
2044 3581 2394 3632 insinuatione.
2413 3580 2616 3632 sebiitz.

482 3656 783 3703 accusativos
806 3655 927 3702 istos
950 3672 1053 3704 nou
1094 3669 1287 3722 poterat
1322 3676 1506 3708 conco-
1593 3675 1644 3710 ec
1659 3663 1722 3709 de
1743 3662 2091 3710 insinuatione.

482 3750 645 3798 quere.
676 3735 739 3780 In
772 3733 885 3782 eod.
927 3735 1112 3787 caueh.
1154 3739 1355 3802 vestigia
1389 3751 1506 3789 aunt
1667 3757 1714 3791 a.
1743 3742 1960 3790 Bne-iter
1977 3752 2028 3789 ee
2055 3739 2386 3789 communiter:
2411 3739 2614 3790 schin.

484 3828 611 3862 verae
641 3812 895 3861 lectionis:
924 3837 951 3856 ιι
968 3817 1199 3881 strepitus
1216 3854 1233 3880 ,
1270 3819 1505 3866 acclama·
1594 3820 1726 3870 brevi
1739 3822 2110 3880 eunomiane
2127 3819 2238 3869 cod.
2253 3820 2354 3868 Etr.
2365 3828 2416 3868 et
2433 3819 2616 3870 enach.

487 3893 621 3940 tione
645 3913 667 3933 ι
688 3907 707 3952 ;
756 3891 843 3939 aed
896 3895 1007 3956 quia
1064 3897 1259 3958 punctis
1306 3907 1506 3944 nentur
1592 3899 1788 3948 Gravio
1811 3901 2070 3964 probante.

486 3969 657 4018 intima
674 3969 861 4034 syllaba
878 3974 1015 4020 vocis
1036 3973 1423 4034 acdmate'one,
1440 3974 1504 4021 li·
1665 3981 1717 4029 3.
1747 3979 2071 4028 Commendet.
2089 3977 2172 4028 Sic
2193 3993 2297 4026 eoae
2315 3977 2462 4026 debet
2479 4011 2498 4038 ,
2515 3993 2620 4026 uon

484 4047 673 4096 brariua
698 4049 861 4098 forsan
880 4050 1067 4100 invenit
1090 4075 1117 4094 α
1134 4053 1364 4118 strepitus
1375 4087 1393 4115 ,
1414 4069 1501 4104 ac·
1594 4059 1933 4120 comendae,
1953 4057 2068 4123 quia
2087 4057 2318 4122 precedit
2321 4055 2620 4122 fodendum
