2982 4682
518 399 659 476 306
1194 401 1290 469 Μ.
1342 403 1420 469 Τ.
1476 401 1962 473 CICERONIS

516 526 646 623 qui
704 521 894 594 bene
954 519 1270 593 exordiri
1334 547 1622 594 causam
1665 524 1898 611 volet,
1957 547 2124 594 eum
2179 547 2472 596 necesse
2539 542 2646 598 est

514 659 745 735 genus
785 657 931 704 suae
957 657 1184 703 causae
1228 631 1614 730 diligenter
1649 648 1820 704 ante
1861 655 2318 730 cognoscere.
2361 639 2646 706 Genera

512 768 886 818 causarum
918 757 1089 814 sunt
1116 740 1518 840 quinque³‚
1557 744 1976 832 honestum,
2011 743 2430 816 admirabile
2451 801 2470 834 ‚
2505 745 2642 817 hu-

508 855 678 926 mile
696 876 997 950 ‚anceps
1016 851 1511 940 ‚obscur11m⁴.
1545 851 1947 926 Honestum
1977 879 2206 924 causae
2233 879 2466 952 genus
2487 872 2596 928 est
2617 911 2636 946 ,

510 967 629 1036 cui
664 965 902 1035 statim
932 964 1087 1034 sine
1116 967 1444 1034 oratione
1468 979 1715 1034 nostra
1741 962 2088 1035 auditoris
2111 962 2299 1036 favet
2315 969 2639 1053 animus3

508 1073 969 1162 admirabile,
1008 1097 1047 1144 a
1085 1099 1239 1170 quo
1284 1073 1638 1145 alienatus
1681 1088 1790 1144 est
1829 1076 2110 1146 animus
2159 1100 2454 1164 eorum,
2510 1080 2640 1175 qui

506 1184 823 1256 audituri
851 1181 1106 1272 sunt⁵;
1144 1183 1454 1272 humile,
1490 1183 1694 1281 quod
1727 1185 2110 1280 negligitur
2145 1183 2240 1255 ab
2275 1185 2638 1276 auditore,

504 1311 575 1368 et
618 1321 768 1367 non
812 1317 1252 1392 magnopere
1282 1293 1804 1366 attendendum
1843 1289 2165 1381 videtur3
2225 1319 2526 1394 auceps,
2557 1299 2636 1366 in

502 1431 655 1503 quo
692 1419 815 1474 aut
837 1402 1185 1498 judicatio
1224 1402 1445 1475 dubia
1482 1419 1624 1490 est,
1663 1418 1786 1475 aut
1820 1423 2061 1492 causa,
2091 1420 2164 1476 et
2199 1403 2635 1494 honestatiS‚

502 1530 574 1586 et
612 1513 1087 1613 turpitudinis
1124 1517 1479 1612 particeps
1502 1568 1521 1603 ,
1563 1528 1646 1584 ut
1677 1528 1749 1584 et
1785 1511 2342 1586 benivolentiam
2365 1517 2634 1614 pariat,

504 1639 577 1696 et
604 1623 1084 1696 offensionem
1110 1651 1130 1712 3
1167 1622 1562 1695 obscurum
1583 1678 1603 1710 ,
1626 1625 1696 1694 in
1727 1649 1878 1721 quo
1907 1638 2034 1697 aut
2053 1623 2237 1695 tardi
2271 1625 2635 1700 auditores

498 1749 703 1823 sunt,
765 1748 892 1804 aut
946 1731 1473 1804 difficilioribus
1525 1733 1616 1805 ad
1677 1733 2266 1832 cognoscendum
2328 1726 2634 1832 negotiis

498 1868 712 1916 causa
748 1841 1089 1942 implicita
1116 1858 1225 1914 est
1245 1840 1298 1914 ⁶.
1333 1846 1576 1934 Quare
1611 1847 1960 1941 quoniam
1980 1859 2124 1915 tam
2159 1844 2437 1916 diversa
2463 1861 2634 1917 sunt

498 1979 762 2053 genera
795 1977 1171 2024 causarum
1196 2007 1215 2042 ,
1252 1953 1565 2023 exordiri
1603 1978 1902 2050 quoque
1943 1953 2205 2053 dispari
2241 1959 2522 2026 ratione
2553 1959 2630 2028 in

498 2089 953 2162 unoquoque
996 2087 1259 2161 genere
1310 2087 1604 2135 necesse
1663 2077 1792 2134 est.
1851 2067 2079 2160 Igitur
2139 2064 2516 2136 exordium
2553 2068 2628 2136 in

498 2175 677 2246 duas
725 2189 963 2273 partes
1018 2172 1388 2260 dividitur,
1444 2175 1520 2243 in
1567 2177 2006 2272 principium
2071 2189 2145 2245 et
2199 2178 2625 2250 insinuatio-

495 2309 663 2358 nem
681 2297 731 2355 ⁷.
772 2285 1228 2383 ,Principium
1276 2297 1385 2356 est
1436 2287 1703 2371 orati0‚
1752 2287 2126 2384 perspicue
2175 2300 2248 2357 et
2295 2289 2628 2385 protinus

496 2391 924 2495 perficiens⁸
961 2392 1364 2465 auditorem
1393 2392 1848 2481 benivolum,
1919 2409 2044 2466 aut
2097 2396 2444 2487 docilem,
2501 2413 2628 2470 aut

494 2521 871 2579 attentum.
902 2505 1302 2575 Insinuatio
1324 2520 1432 2575 est
1454 2506 1688 2575 oratio
1718 2504 2026 2603 quadam
2057 2504 2625 2581 dissimulatione

498 2632 571 2689 et
600 2617 1025 2687 circuitione
1050 2612 1407 2685 obscure9
1435 2613 2108 2687 subiens.auditoris
2133 2618 2475 2688 animum.

584 2718 677 2797 In
726 2722 1125 2797 admirabili
1165 2746 1431 2821 genere
1468 2748 1733 2812 causae,
1772 2727 1830 2795 si
1866 2750 2014 2795 non
2051 2730 2354 2797 omnino
2386 2725 2622 2797 infesti

494 2961 638 3021 cerie,
669 2958 805 3025 quod
827 2974 930 3008 non
954 2968 1057 3007 eret
1080 2973 1169 3005 em·
1188 2956 1510 3021 Oudendorp.
1677 2975 1722 3019 7.
1757 2960 1814 3007 In
1831 2959 2127 3025 principiam
2153 2971 2204 3008 et
2225 2960 2620 3011 insinuationem.

493 3040 739 3105 probaret.
760 3041 878 3087 Sca.
1599 3034 1682 3087 sic
1715 3048 1766 3086 et
1801 3040 2019 3088 Herenni.
2058 3038 2260 3087 Rhetor.
2295 3039 2383 3087 lib.
2415 3042 2468 3100 1,
2507 3056 2620 3105 cap.

565 3121 613 3167 3.
643 3118 835 3165 Genera
860 3128 1120 3163 causarum
1142 3126 1257 3163 mne
1272 3114 1507 3179 quinque.
1601 3119 1653 3165 6.
1679 3115 1808 3166 Vide
1837 3118 2048 3181 Quintil.
2091 3134 2202 3182 pag.
2235 3120 2328 3177 48,
2365 3130 2471 3167 not.
2499 3121 2617 3169 153.

494 3198 621 3245 Vide
646 3200 860 3246 Heu-eun.
888 3195 938 3252 Ι,
968 3194 1019 3241 3.
1599 3195 1825 3245 Cari-n.

567 3286 615 3333 4.
642 3276 931 3331 Honestum,
960 3270 1271 3329 admirabile,
1302 3272 1507 3329 hecmile,
1673 3276 1720 3323 8.
1749 3274 2024 3343 Per-ficiens.
2063 3274 2260 3343 Schiitz.
2279 3276 2362 3325 dat
2377 3274 2616 3346 efficiens,

488 3372 693 3419 anceps,
720 3353 988 3403 obscurum.
1016 3340 1217 3409 ἔνδοξον
1235 3386 1250 3411 ,
1284 3345 1511 3418 παράδο-
1597 3351 1828 3401 suadente
1845 3354 2094 3415 limenio,
2113 3356 2228 3420 quin
2238 3356 2502 3425 perficiens
2521 3358 2618 3406 hoe

490 3433 586 3498 ξον,
602 3428 798 3495 ἄδοξον,
818 3425 1096 3500 ἀμφίδοξον,
1115 3424 1508 3497 &ueri-apanensi-
1595 3448 1741 3480 aneu
1765 3448 1865 3481 non
1891 3434 2144 3498 reperitur.

482 3518 634 3569 onvov.
657 3513 805 3563 Cur.
1669 3526 1722 3573 9.
1751 3512 1976 3559 Obscum.
1997 3512 2158 3562 Codd.
2174 3516 2322 3564 Voss.
2347 3516 2482 3564 Leid.
2511 3516 2542 3565 3
2569 3526 2618 3563 et

558 3594 609 3643 5.
632 3592 729 3657 Qm'
744 3590 966 3639 audituri
984 3598 1111 3637 sunt.
1130 3586 1413 3635 Ridiculum
1426 3586 1509 3635 hic
1597 3590 1698 3639 nrf.
1719 3589 1942 3639 obseura.
1973 3591 2070 3639 Sed
2096 3592 2222 3641 bene
2255 3594 2474 3642 defendit
2499 3596 2616 3644 Era.

482 3674 661 3739 legitur
680 3673 735 3720 in
766 3670 891 3719 Mss
921 3671 1017 3717 Ox.
1040 3686 1079 3715 ω
1100 3704 1114 3727 ,
1150 3684 1194 3729 ι,
1226 3666 1459 3731 glossema
1486 3681 1505 3716 :
1595 3668 1856 3716 lectionem
1881 3669 2155 3733 vulgatam:
2183 3670 2385 3721 obscure
2409 3674 2616 3721 refertur

484 3776 513 3797 a
530 3764 589 3801 ut
628 3753 681 3801 in
718 3764 911 3817 pauet-e
950 3746 1151 3795 vendito
1188 3756 1239 3794 et
1274 3756 1441 3810 nupto
1458 3766 1500 3794 ιι.
1593 3747 1656 3794 nd
1693 3746 2126 3797 dissimulationem
2165 3760 2218 3797 et
2261 3750 2613 3800 circuitionem.
2645 3765 2652 3771 ·

477 3834 599 3884 θοι,
1595 3826 1809 3873 Obscura
1837 3824 1998 3873 subire
2023 3838 2097 3875 eet
2121 3838 2248 3877 tecte
2265 3840 2317 3877 et
2335 3846 2440 3877 non
2460 3830 2616 3877 anin-

548 3912 600 3960 ⁶.
622 3907 865 3973 Implieiea
887 3916 968 3955 ese.
998 3900 1199 3953 sehfitz.
1234 3902 1319 3950 dat
1345 3902 1502 3966 impli-
1590 3902 1872 3951 advertente
1924 3902 2079 3953 altero
2123 3906 2290 3955 subire
2305 3942 2320 3967 ,
2367 3908 2504 3971 quod
2553 3906 2613 3957 fit

476 4002 592 4039 caea
619 4004 731 4039 cum
756 3986 1015 4034 Victorino
1040 3994 1094 4031 et
1126 3984 1247 4032 MSS
1276 3984 1420 4031 Voss.
1452 3993 1502 4031 et
1591 3982 1938 4033 dissimulando
1963 3994 2014 4033 et
2032 3986 2402 4037 circumeundo.
2423 3988 2608 4037 Comn

474 4072 609 4120 Cau.
639 4066 777 4131 qnod
802 4063 1029 4113 Oudend.
1064 4072 1115 4111 et
1151 4063 1344 4111 ament.
1381 4076 1500 4125 pro-
1589 4078 1709 4111 mox
1745 4084 1770 4103 ι
1789 4062 2044 4127 perspicue
2081 4074 2248 4127 petere
2263 4086 2307 4114 n.
2339 4068 2400 4115 In
2433 4066 2610 4115 circui·

476 4149 723 4199 bgvmnt.
1591 4140 1730 4189 tione
1757 4138 2028 4191 Obwuritu
2052 4158 2141 4207 per
2165 4158 2217 4191 fle
2239 4142 2540 4208 intelligitur·
2613 4196 2620 4205 ,
