2982 4682
772 387 897 454 DE
944 356 1544 475 ιΝνΕΝΤΙοΝῈ,
1592 389 1861 459 LIBER
1909 393 2016 476 11,
2069 416 2094 460 1
2115 417 2178 464 1.
2399 401 2538 495 4¹7

402 534 601 583 mam
638 507 1157 579 demonstrare.
1201 507 1285 579 Id
1321 506 1575 600 faciet,
1617 515 1680 582 si
1727 511 2058 584 ostendet
2097 515 2334 614 aliqua
2387 520 2543 616 ejus

404 633 693 692 nota.et
726 617 1145 690 communia
1182 617 1422 689 officia
1458 646 1475 689 ε
1515 620 1720 716 quod
1757 643 2022 718 genus,
2057 624 2132 692 in
2167 643 2541 722 parentes,

402 745 791 827 cognatos„
860 729 1160 816 amicOS,
1226 725 1516 816 affines,
1571 732 2040 820 necessarios3
2107 735 2320 805 etiam
2385 764 2548 835 quae

407 845 631 938 magis
681 863 842 910 rara
880 851 953 908 et
992 839 1251 908 eximia
1297 853 1500 926 sunt,
1555 843 1617 910 si
1657 837 1749 909 ab
1789 863 1878 911 eo
1915 865 2081 912 cum
2122 867 2385 940 magno
2419 847 2546 919 ali-

404 975 557 1047 quo
592 948 843 1020 labore
864 959 914 1036 ¹,
956 963 1083 1019 aut
1117 949 1482 1045 pericu10,
1521 965 1645 1022 aut
1676 966 1985 1048 utraque
2003 977 2115 1044 re,
2156 979 2392 1051 quum
2423 982 2545 1030 ne-

408 1083 603 1132 cesse
638 1084 795 1129 non
836 1072 1061 1146 esset,
1108 1055 1330 1129 officii
1377 1082 1624 1149 causa,
1667 1075 1793 1132 aut
1846 1063 1926 1131 in
1977 1061 2542 1161 rempublicam,

408 1185 537 1243 aut
587 1174 665 1240 in
724 1183 1105 1267 parentes»,
1166 1183 1291 1241 aut
1350 1169 1426 1240 in
1490 1170 1774 1267 aliquos
1817 1195 2108 1261 eorum,
2146 1179 2274 1270 qui
2321 1175 2547 1249 modo

409 1281 713 1377 expositi
757 1294 967 1366 sunt,
1006 1276 1280 1350 factum
1330 1280 1607 1377 aliquid
1669 1305 1822 1353 esse
1883 1279 2112 1370 dicet3
2167 1281 2428 1354 deinde
2481 1289 2542 1356 si

402 1390 590 1462 -nihil
618 1390 1041 1488 deliquisse,
1070 1389 1272 1462 nulla
1295 1390 1694 1489 cupiditate
1719 1391 2154 1489 impeditum
2183 1393 2276 1465 ab
2301 1393 2544 1467 officio

407 1503 804 1573 recessisse.
850 1498 1071 1591 Quod
1112 1525 1199 1570 eo
1244 1500 1742 1574 confirmatius
1786 1506 1952 1590 erit,
1997 1505 2090 1588 si,
2141 1528 2372 1600 quum
2409 1529 2540 1604 po-

407 1627 625 1684 testas
664 1614 967 1709 impune
1027 1609 1305 1707 aliquid
1362 1609 1674 1683 faciendi
1707 1613 1951 1681 minus
1986 1611 2290 1684 honeste
2324 1611 2546 1688 fuisse

410 1722 717 1810 dicetur,
751 1722 1087 1792 voluntas
1122 1722 1189 1791 ei
1216 1718 1528 1792 faciendi
1560 1720 2176 1794 demonstrabitur
2205 1723 2544 1798 abfuisse.

507 1837 661 1904 Hoc
689 1848 927 1904 autem
960 1833 1199 1929 ipsum
1231 1855 1463 1928 genus
1482 1843 1510 1876 ²
1546 1835 1682 1902 erit
1710 1856 1800 1902 eo
1829 1830 2136 1920 firmius,
2168 1834 2227 1903 si
2259 1859 2348 1906 eo
2384 1835 2544 1933 ipso

408 1944 487 2013 in
536 1966 837 2040 genere,
892 1965 1043 2038 quo
1104 1956 1488 2038 arguetur,
1540 1943 1821 2040 integer
1881 1957 2090 2013 antea
2154 1940 2364 2015 fuisse
2421 1945 2545 2017 de·

409 2050 935 2123 monstrabitur
976 2077 993 2118 z
1034 2065 1116 2121 ut
1152 2053 1249 2140 si,
1288 2075 1522 2148 quum
1561 2052 1872 2122 avaritiae
1907 2075 2117 2122 causa
2154 2051 2400 2125 fecisse
2435 2081 2543 2127 ar·

409 2178 689 2260 guatur,
724 2162 1023 2232 minime
1066 2165 1268 2231 omni
1302 2163 1377 2232 in
1412 2163 1558 2233 vita
1603 2163 1929 2260 pecuniae
1972 2159 2278 2259 cupidus
2321 2162 2540 2238 fuisse

407 2272 776 2345 doceatur.
815 2275 947 2344 Hic
1006 2271 1125 2343 illa
1190 2295 1449 2369 magna
1505 2297 1671 2345 cum
1749 2275 2112 2372 gravitate.
2158 2270 2543 2347 inducetur

410 2384 849 2483 indignatiO,
883 2384 1135 2480 juncta
1160 2385 1703 2481 conquestioni,
1735 2407 1868 2482 per
1894 2378 2156 2480 quam3
2195 2383 2542 2457 miserum

409 2492 687 2565 facinus
744 2516 930 2580 esse,
990 2508 1061 2564 et
1124 2488 1508 2592 indignum
1571 2491 2234 2580 demonstrabitur,
2311 2519 2544 2590 quum

408 2606 691 2677 animus
724 2604 1033 2675 omni-in
1065 2605 1213 2675 vita
1246 2602 1464 2676 fuerit
1487 2630 1527 2675 a
1559 2606 1750 2675 vitiis
1784 2603 2348 2693 remotissimuS,
2383 2630 2544 2677 earn

410 2739 733 2804 causam,
773 2729 1069 2813 putare,
1123 2739 1283 2810 quae
1326 2715 1658 2787 homines
1711 2714 2016 2785 audaces
2075 2715 2151 2783 in
2211 2713 2540 2785 fraudem

409 2850 665 2924 rapere
706 2826 931 2897 soleat
951 2880 971 2912 ‚
1012 2826 1485 2897 castissimum
1521 2850 1820 2923 quoque
1857 2825 2230 2895 hominem
2256 2824 2346 2895 ad
2373 2850 2538 2923 pec-

411 2934 725 3006 candum
786 2935 1109 3030 potuisse
1162 2935 1565 3034 impellere3
1635 2949 1758 3005 aut
1821 2936 2154 3031 iniquum
2212 2958 2402 3025 esse,
2467 2950 2542 3007 et

478 3112 574 3159 11.
605 3124 653 3157 1.
681 3108 799 3156 Cum
817 3122 999 3171 magno
1016 3106 1183 3171 aliquo
1204 3106 1425 3159 labore...
1511 3124 1667 3173 genus
1701 3107 1906 3171 aliquod
1943 3106 2027 3155 hie
2063 3103 2248 3153 firmius
2285 3106 2417 3168 dici,
2451 3109 2538 3159 sed

396 3188 452 3251 fi
470 3188 543 3238 al.
570 3204 673 3237 esse
690 3184 835 3236 debet.
858 3185 1301 3234 Greveub.habet-
1317 3203 1429 3235 cum
1516 3198 1852 3251 argumentum
1912 3184 2052 3251 quod
2104 3185 2256 3235 modo
2315 3190 2540 3252 proposi-

410 3284 587 3333 magno
612 3265 798 3331 aliquid
822 3264 1016 3314 labore.
1035 3298 1049 3312 .
1071 3299 1086 3312 .
1118 3266 1301 3314 factum
1327 3284 1429 3315 esse
1519 3280 1622 3315 tum
1649 3278 1768 3315 emt.

412 3347 607 3410 dicitu,
626 3346 763 3412 quod
788 3341 987 3410 sactum
1026 3355 1177 3393 restat
1210 3346 1265 3393 in
1308 3346 1433 3395 Pau.
1597 3348 1644 3397 3.
1683 3348 1774 3394 Per
1816 3361 1966 3409 quam
2005 3345 2309 3394 miserum...
2341 3347 2540 3396 demon-

413 3429 584 3476 Gmrr.
612 3452 679 3464 --
712 3424 973 3473 Schiitzius
998 3423 1084 3472 dat
1106 3440 1218 3472 cum
1237 3426 1435 3475 Lallem.
1523 3425 1766 3475 strabitur.
1811 3425 2042 3489 Spurium
2079 3426 2202 3489 quid
2242 3426 2370 3490 sapit
2415 3426 2540 3476 illud

414 3528 437 3551 ιι
459 3508 585 3556 factu
621 3520 723 3553 esse
755 3504 885 3553 dicet
903 3525 929 3545 ι·
964 3518 1058 3567 pro
1090 3504 1316 3553 «fuctum
1342 3505 1433 3553 ali·
1525 3503 1955 3562 dornomtrabitur5
2001 3506 2040 3551 si
2083 3504 2296 3565 abesset,
2333 3515 2382 3553 et
2420 3523 2541 3570 pet·-

411 3586 531 3653 quid
571 3602 673 3635 esse
713 3584 845 3632 dicet
866 3604 889 3626 ι
911 3616 929 3643 ,
966 3600 993 3629 e
1034 3583 1147 3633 cod.
1172 3584 1357 3634 Altorf.
1385 3596 1435 3635 et
1523 3602 1670 3650 quam
1725 3584 1872 3633 unica
1936 3585 2154 3633 dictione
2203 3586 2541 3633 enuntiaretur

412 3666 533 3715 edit.
560 3667 757 3715 Victor.
793 3662 1088 3726 damnatque
1109 3662 1309 3727 sactum
1340 3663 1436 3714 ali·
1523 3665 1696 3712 melius
1715 3676 1840 3711 esset
1856 3666 2124 3713 sententiat.
2147 3665 2543 3726 Garun—Quod

410 3745 561 3811 quid,
584 3745 700 3808 quin
730 3744 801 3791 ita
825 3742 1033 3789 nimium
1064 3758 1193 3808 saepe
1221 3744 1437 3793 occurrit
1525 3755 1573 3793 et
1610 3745 1968 3810 Oudendorpio
2013 3746 2192 3810 placet.
2236 3747 2405 3793 Recte.
2435 3744 2541 3793 Ser-

409 3838 683 3890 pronomen
724 3820 918 3885 alt'qm's.
950 3823 1211 3886 Vulgatam
1252 3825 1431 3889 probat
1517 3840 1601 3873 mo
1625 3836 1698 3873 est
1717 3824 1776 3873 de
1797 3824 2174 3887 conquestione,
2198 3838 2308 3885 quae
2333 3838 2438 3870 non
2455 3822 2541 3872 de-

410 3900 679 3953 Ernestim.
1519 3916 1755 3954 monstrnt
1780 3921 1876 3969 qna
1903 3915 1976 3952 est
1999 3902 2287 3966 conquestio
2302 3935 2317 3960 ,
2347 3902 2436 3949 sed
2451 3918 2540 3967 per

484 3998 534 4030 2.
558 3980 1065 4045 Ipsumgenu5.Delet
1076 3998 1231 4046 genus
1256 3979 1430 4031 Schiit-
1517 3984 1690 4045 locos,
1724 3985 1778 4031 id
1812 3993 1908 4043 est,
1937 3992 2220 4045 argumenta
2253 3979 2432 4043 quibus
2461 3982 2540 4032 fir-

412 4064 545 4121 zius,
590 4072 649 4108 ut
690 4059 817 4107 male
860 4075 889 4106 e
928 4076 1040 4123 sqq.
1084 4061 1244 4110 verbis
1281 4063 1430 4126 «ipso
1520 4076 1682 4113 tuetur
1701 4064 1908 4127 equitas
1930 4059 2314 4124 conquestionis.
2345 4061 2441 4108 Sed
2477 4064 2542 4114 de

412 4143 466 4190 in
498 4156 671 4207 genere
690 4160 717 4183 a·
747 4136 1097 4203 interpolatum
1124 4156 1139 4187 z
1176 4156 1290 4190 mm
1328 4156 1433 4191 non
1521 4136 1608 4191 his
1628 4142 1680 4189 h.
1715 4142 1752 4191 l.
1779 4156 1882 4189 uon
1909 4151 1981 4190 est
2019 4155 2195 4189 sermo.
2228 4140 2447 4192 Euan.
2469 4168 2542 4182 —-

611 4230 669 4298 Ῑ.
722 4242 819 4295 Cic.
839 4256 961 4310 pars
980 4239 1153 4309 prima.
2161 4252 2246 4322 27
