2982 4682
782 395 910 462 AD
959 393 1549 478 HERENNIUM‚
1603 393 1873 462 LIBER
1922 395 2059 480 IV,
2101 420 2215 492 27.
2432 425 2560 470 221

421 532 548 590 aut
585 529 1016 612 utrumque,
1069 527 1194 586 aut
1229 513 1821 611 unumquodque
1868 531 2067 586 certo
2112 517 2572 592 concluditur

423 626 647 698 verbo
671 681 691 714 ‚
727 628 830 697 sic
858 653 875 696 ε
907 653 944 691 «
971 624 1298 722 Populus
1347 649 1697 696 romanus
1748 628 2213 698 Numantiam
2260 626 2567 718 delevit,

423 737 928 833 Carthaginem
985 734 1317 814 sustulit,
1365 733 1803 806 Corinthum
1852 733 2173 831 disjecit,
2218 740 2573 837 Fregellas

421 849 706 917 evertit.
731 843 928 916 Nihil
944 846 1404 916 Numantinis
1422 847 1611 916 vires
1642 849 1969 943 corporis
1988 848 2341 920 auxiliatae
2362 867 2571 940 sunt;

421 956 604 1026 nihil
625 953 1341 1053 Carthaginiensibus
1360 957 1655 1026 scientia
1682 955 1789 1026 rei
1812 954 2137 1026 militaris
2149 956 2571 1052 adjumento

423 1067 594 1152 suit;
631 1065 814 1137 nihil
864 1064 1262 1136 Corinthiis
1304 1063 1589 1136 erudita
1624 1064 1971 1136 calliditas
2014 1066 2322 1162 praesidii
2368 1069 2571 1154 tulit;

422 1178 603 1249 nihil
643 1177 1076 1274 Fregellanis
1097 1199 1388 1245 morum
1413 1189 1486 1246 et
1514 1178 1868 1246 sermonis
1888 1177 2194 1246 societas
2220 1177 2572 1275 opitulata

357 1365 362 1372 ,
417 1303 528 1360 est
547 1319 604 1356 n.
662 1293 884 1371 Item,
929 1291 1252 1355 «Formae
1297 1283 1604 1382 dignitas
1645 1299 1771 1355 aut
1808 1283 2075 1355 morbo
2124 1285 2569 1374 deflorescit,

419 1413 545 1469 aut
585 1410 942 1470 vetustate
975 1397 1456 1493 exstinguitur
1481 1427 1545 1464 n.
1577 1395 1711 1467 Hic
1748 1409 2180 1494 utrumque,
2216 1412 2292 1469 et
2325 1402 2399 1468 in
2444 1425 2565 1472 su·-

419 1509 706 1604 periore
731 1505 1070 1604 exemplo
1101 1529 1697 1604 unamquamque
1731 1529 1885 1576 rem
1912 1522 2113 1579 certo
2139 1507 2367 1580 verbo
2398 1533 2565 1581 con-

418 1617 611 1688 cludi
654 1607 1004 1688 videmus.

513 1721 1012 1824 Conjunctio⁸
1041 1740 1187 1811 est,
1229 1749 1458 1821 quum
1497 1726 2053 1822 interpositione
2103 1727 2305 1799 verbi
2346 1744 2419 1801 et
2450 1754 2563 1802 su-

417 1839 738 1934 periores
789 1838 1136 1908 orationis
1179 1850 1422 1933 partes
1466 1834 2223 1932 comprehenduntur,
2271 1853 2345 1909 et
2383 1841 2563 1915 infe-

417 1951 644 2019 riores
671 2003 690 2036 ,
733 1947 872 2020 hoc
914 1945 1140 2018 modo
1183 1973 1198 2015 :
1241 1975 1276 2010 α
1304 1952 1581 2016 Formae
1618 1943 1924 2041 dignitas
1970 1962 2095 2018 aut
2136 1947 2401 2021 morbo
2438 1951 2561 2022 de·

415 2056 764 2144 florescit,
805 2073 928 2128 aut
971 2071 1326 2127 vetustate
1355 2087 1408 2126 ι).
2206 2047 2215 2058 ’

509 2170 906 2265 Adjunctio
970 2179 1114 2254 est,
1174 2189 1406 2263 quum
1453 2164 1797 2253 verbum,
1854 2191 2007 2262 quo
2050 2191 2161 2238 res
2226 2193 2558 2269 compre-

412 2277 794 2366 henditur,
837 2303 987 2351 non
1043 2278 1620 2375 interponimuS‚
1672 2273 1795 2347 sed
1847 2291 1975 2348 aut
2018 2277 2339 2375 primum
2365 2334 2384 2367 ‚
2434 2298 2558 2354 aut

413 2404 864 2486 postremum
898 2387 1358 2459 collocamus·
1398 2389 1719 2457 Primum
1744 2441 1765 2470 ‚
1794 2386 1938 2458 hoc
1959 2402 2171 2484 pacto
2204 2414 2219 2457 :
2254 2418 2288 2454 c<
2316 2391 2557 2463 Deflo-

409 2499 628 2569 rescit
700 2498 946 2571 formae
1014 2498 1320 2594 dignitas
1371 2510 1499 2568 aut
1541 2495 1842 2583 morb0‚
1913 2512 2040 2570 aut
2105 2513 2458 2573 vetustate
2494 2534 2554 2575 κ.

411 2611 864 2681 Postremum
909 2610 1056 2680 sic:
1093 2637 1128 2674 α
1159 2615 1302 2685 Aut
1355 2606 1621 2679 morbo
1644 2662 1665 2694 ‚
1725 2624 1850 2681 aut
1897 2626 2253 2683 vetustate
2306 2612 2554 2687 formae

411 2718 717 2818 dignitas
775 2720 1184 2791 deflorescit
1208 2750 1260 2788 n.
1324 2717 1432 2789 Ad
1487 2717 1943 2790 festivitatem
1998 2720 2392 2817 disjunctio
2448 2740 2557 2798 est

409 2834 773 2929 apposita;
809 2856 1046 2929 quare
1081 2831 1314 2902 rarius
1355 2845 1648 2902 utemur
1691 2856 1809 2915 ea,
1850 2856 1943 2902 ne
1988 2837 2387 2905 satietatem
2433 2861 2555 2934 pa·

407 2942 593 3013 riat:
640 2940 729 3012 ad
777 2942 1203 3014 brevitatem
1263 2942 1727 3037 conjunctio;
1781 2964 2004 3037 quare
2054 2945 2312 3039 saepius
2353 2946 2553 3018 adhi-

405 3049 648 3123 benda
707 3068 836 3125 est.
893 3058 1020 3124 Hae
1059 3068 1203 3123 tres
1247 3054 1759 3149 exornationes
1802 3048 1892 3123 de
1933 3052 2239 3149 simplici
2282 3078 2550 3151 genere

383 3170 704 3235 'manant
735 3176 790 3233 ⁹.

405 3336 561 3383 titiani
584 3347 634 3384 et
659 3337 830 3385 Nostri
855 3337 1122 3391 dissolutio,
1142 3338 1429 3385 Gra-eorum
1522 3338 1637 3383 ratis
1660 3352 1813 3383 unm
1835 3336 2053 3399 aliqnid,
2072 3352 2167 3385 una
2196 3337 2463 3403 eademque
2484 3342 2550 3387 si·
2591 3322 2593 3325 ,

403 3410 674 3473 ἀσύνδετον,
695 3432 800 3465 non
814 3428 976 3465 autem
991 3416 1268 3481 &junctim
1279 3416 1431 3479 Quod
1519 3414 1833 3477 guisio-tione
1850 3414 1987 3463 vorbi
2002 3416 2230 3465 efferunt.
2248 3416 2551 3480 coniunctio

401 3494 678 3560 exemplum
695 3495 833 3545 dedit
845 3496 1430 3559 disjunctionis-,mom
1519 3504 1591 3542 eat
1606 3528 1619 3551 ,
1644 3494 1743 3542 alio
1758 3510 1929 3553 nemu,
1958 3496 2187 3560 opposita
2214 3495 2547 3548 dissolutioni.

395 3576 624 3634 junctio·
639 3586 728 3624 eat.
745 3575 1012 3641 Adsum-sio
1027 3586 1188 3624 antem
1206 3590 1260 3623 ea
1280 3590 1426 3638 quam
1518 3575 1685 3623 Partit.
1712 3590 1787 3623 or.
1809 3588 1918 3637 cap.
1938 3583 1989 3631 4.

399 3656 594 3719 putavit
615 3655 1024 3721 conjunctionem.
1589 3670 1639 3715 9.
1676 3656 1771 3703 11oe
1796 3664 1893 3701 tres
1926 3654 2279 3703 exornationes
2302 3654 2365 3701 de
2384 3655 2544 3720 simpl.

471 3735 520 3781 8.
567 3734 878 3799 Conjnncet'o.
938 3734 1193 3784 Contraria
1238 3732 1425 3799 disjun·
1509 3750 1562 3797 g.
1586 3744 1810 3781 manant.
1848 3735 1965 3780 Haeo
2000 3732 2150 3781 verba
2179 3730 2380 3781 Schiitz.
2416 3734 2547 3781 dele-

399 3812 550 3861 edoni
569 3848 584 3873 ,
634 3814 946 3878 adjunctiom‘
987 3816 1054 3861 ita
1097 3811 1332 3868 finitima,
1373 3821 1426 3858 ut
1515 3812 1613 3869 vit,
1640 3826 1781 3875 qun,
1808 3812 1995 3873 inquit,
2014 3827 2159 3860 sanan
2186 3812 2373 3862 idoneo
2404 3828 2545 3875 pror-

398 3893 596 3941 nonniai
638 3894 760 3941 mira
803 3893 1072 3941 subtilitate
1119 3891 1424 3954 distinguant·
1515 3907 1599 3939 aus
1636 3900 1815 3938 carent.
1852 3891 1975 3937 Nam
1998 3890 2121 3952 quid
2148 3899 2221 3938 eat
2232 3891 2299 3937 *in
2330 3904 2539 3939 exorna·

401 3982 511 4029 tun
538 3988 692 4036 quum
720 3974 868 4022 altat-a
895 3975 1180 4037 interponat
1205 3971 1260 4019 id
1289 3968 1426 4033 quod
1514 3971 1737 4019 tionibus
1762 3968 1918 4017 tribua
1932 4002 1949 4027 ‚
1971 3984 2083 4032 quo
2106 3971 2335 4033 proximo
2354 3981 2545 4023 antece-

397 4048 543 4099 altara
569 4053 784 4117 pri-nm
821 4064 910 4101 ant
941 4063 1246 4116 postrenum
1270 4048 1426 4097 eollo·
1517 4048 1675 4105 dunt,
1742 4068 1767 4091 ο
1792 4049 2129 4109 correctione,
2186 4048 2547 4111 occultatione,

399 4138 494 4177 cet.
531 4131 694 4179 Ambo
723 4130 786 4179 de
817 4131 1040 4197 pluribus
1064 4131 1211 4180 tabas
1233 4146 1426 4178 ennme-
1521 4125 1889 4187 diajunetiona-
1908 4161 1922 4184 ‚
1976 4142 2069 4175 eur
2110 4140 2178 4175 σε
2222 4126 2449 4177 dieantur
2486 4130 2549 4178 da
