2982 4682
410 431 2538 462 mmmwmmmfflmmmmmm

914 567 2023 812 ,ARGUMENTUM

641 908 698 974 E
746 907 1169 975 SCHUTZII
1218 907 1674 976 EDITIONE
1723 909 2319 979 DESUMPTUM.

420 1117 769 1176 Prooemium
801 1115 875 1173 de
914 1115 1259 1193 eloquentiae
1290 1115 1363 1172 ad
1405 1135 1590 1194 remp.
1617 1116 1901 1188 utilitate,
1931 1137 2058 1196 cap.
2095 1140 2145 1190 1,
2174 1118 2414 1197 ejusque
2449 1125 2544 1180 in-

502 1225 688 1270 ventae
714 1225 773 1270 et
800 1212 1071 1290 perfectae
1097 1211 1313 1280 causiS,
1348 1230 1470 1290 cap.
1502 1231 1570 1282 ²3
1599 1211 1810 1270 deinde
1833 1211 1906 1270 de
1933 1212 2160 1273 invecto
2190 1216 2314 1293 ejus
2335 1213 2550 1290 abusu,

502 1329 629 1388 cap.
648 1311 703 1378 3,
718 1307 978 1366 disserit:
1006 1307 1192 1366 nihilo
1216 1308 1403 1366 secius
1430 1319 1622 1366 tamen
1635 1309 1979 1386 eloquentiae
2009 1309 2378 1386 studendum,
2401 1333 2555 1373 eam·

501 1425 615 1484 que
644 1427 774 1464 cum
802 1405 1085 1484 sapientia
1114 1405 1574 1484 conjungendam
1605 1425 1728 1464 esso
1757 1406 1959 1479 docet,
1987 1426 2112 1485 cap.
2137 1415 2189 1476 4.

582 1503 733 1561 Huic
760 1503 1045 1581 prooemio
1077 1485 1446 1580 subjungitur
1468 1501 1662 1560 brevis
1695 1501 2010 1581 disputatio
2031 1503 2104 1562 de
2122 1505 2264 1594 artis
2291 1509 2559 1566 oratoriae

502 1619 739 1677 genere,
770 1599 995 1670 officio,
1028 1600 1174 1670 fine,
1204 1599 1443 1656 materia
1474 1611 1533 1657 et
1563 1595 1860 1676 partibus,
1883 1617 2010 1678 cap.
2037 1599 2165 1673 5-7.
2208 1607 2288 1660 Ac
2319 1605 2560 1663 materia

502 1695 733 1772 quidem
760 1695 1079 1754 secundum
1105 1695 1477 1754 Aristotelem
1511 1694 1698 1753 tribus
1728 1695 2056 1753 orationum
2089 1699 2427 1774 generibus,
2453 1701 2558 1760 de—

506 1793 895 1866 monstrativo,
918 1791 1318 1864 deliberativo,
1332 1791 1595 1869 judiciali
1617 1791 1891 1849 definitur
1907 1813 1924 1862 ;
1939 1803 1998 1848 et
2023 1793 2434 1874 Hermagoras,
2456 1798 2559 1876 qui

504 1891 753 1946 oratoris
780 1889 1081 1947 materiam
1108 1887 1168 1946 in
1200 1907 1432 1947 causam
1455 1901 1513 1946 et
1536 1889 1596 1947 in
1621 1887 2000 1964 quaestionem
2034 1887 2338 1964 diviserat,
2365 1913 2560 1972 repre-

506 1983 807 2058 henditur,
834 2004 960 2063 cap.
982 1985 1037 2042 6.
1068 1989 1267 2044 Partes
1297 1999 1489 2042 autem
1519 1983 1828 2041 rhetoricae
1857 1998 2238 2044 numerantur
2270 1988 2559 2068 quinque:

504 2083 761 2141 inventio
778 2128 795 2155 ,
816 2081 1149 2160 dispositiO‚
1170 2082 1421 2140 elocutio
1436 2124 1453 2152 ,
1474 2079 1756 2138 memoria
1771 2122 1788 2151 ,
1817 2082 2219 2157 pronuntiatio
2235 2125 2250 2153 ,
2282 2103 2405 2162 cap.
2435 2105 2490 2157 7.

586 2180 861 2257 Sequitur
894 2179 1057 2237 locus
1088 2177 1161 2236 de
1183 2179 1549 2248 inventione3
1577 2175 1684 2234 ubi
1717 2177 1972 2255 primum
2006 2175 2147 2253 quid
2177 2179 2252 2235 sit
2277 2185 2562 2240 constitu-

510 2276 620 2349 tio,
660 2296 905 2355 qnaeqne
934 2277 1009 2334 sit
1036 2275 1373 2334 constitutio
1402 2272 1837 2351 conjecturalis,
1883 2272 2210 2347 definitiva,
2257 2280 2567 2354 generalis,

510 2375 839 2433 translativa
858 2420 875 2447 ‚
902 2375 1235 2451 exponitur,
1264 2392 1391 2451 cap.
1421 2374 1491 2443 8,
1521 2392 1576 2447 9.
1621 2370 1824 2429 Obiter
1849 2374 2235 2450 Hermagoras
2261 2375 2568 2451 refutatur,

508 2474 609 2549 qui
634 2471 1035 2530 constitutioni
1058 2470 1311 2549 generali
1332 2482 1527 2547 partes
1556 2482 1812 2545 quatuor
1835 2482 2220 2547 supposuerat
2236 2513 2251 2540 ,
2281 2470 2570 2530 delibera—

508 2568 711 2641 tivam,
739 2568 1249 2627 demonstrativam
1268 2610 1285 2637 ‚
1300 2564 1722 2642 juridicialem,
1742 2566 2126 2641 negotialem,
2155 2586 2284 2643 cap.
2317 2586 2404 2625 10.
2419 2570 2570 2626 Tum

510 2666 787 2742 genera-lis
816 2666 1153 2724 constitutio
1182 2662 1463 2721 dividitur
1486 2663 1544 2719 in
1569 2661 1960 2743 juridicialem
1989 2674 2048 2719 et
2073 2663 2434 2739 negotialem.
2461 2670 2571 2723 Ju—

510 2760 777 2820 ridicialis
794 2762 855 2818 in
884 2761 1028 2819 duas
1056 2751 1427 2818 distribuitur
1454 2770 1650 2835 partes
1667 2802 1685 2829 ,
1705 2756 2032 2815 'absolutam
2053 2770 2111 2814 et
2137 2760 2562 2837 assumptivam.

508 2852 878 2932 Assumptivae
908 2864 1043 2911 sunt
1077 2865 1270 2930 partes
1308 2862 1598 2928 quatuor:
1631 2849 1924 2906 concessio
1946 2892 1962 2918 ,
1995 2849 2244 2905 remotio
2269 2852 2526 2909 criminis
2548 2896 2567 2924 ‚

509 2951 710 3008 relatio
740 2950 1024 3020 criminis,
1048 2948 1432 3025 comparatio.
1454 2946 1878 3003 Translativam
1904 2946 2374 3005 constitutionem
2390 2992 2406 3021 ‚
2422 2952 2568 3007 Her-

514 3062 758 3124 magorae
804 3046 1127 3103 inventioni
1154 3044 1476 3115 tributam,
1523 3060 1828 3119 perperam
1859 3060 1892 3099 a
1928 3042 2124 3099 multis
2156 3046 2568 3121 reprehensam

510 3160 632 3201 esse
662 3142 1000 3213 affirmatur,
1030 3162 1155 3219 cap.
1186 3162 1275 3198 11.

590 3240 1020 3311 Constitutione
1052 3258 1235 3296 causae
1275 3248 1523 3315 reperta,
1549 3235 1862 3294 videndum
1885 3256 2008 3294 esse
2031 3279 2045 3303 ,
2075 3250 2268 3296 utrum
2293 3256 2464 3298 cansa
2497 3244 2582 3300 sit'

513 3338 755 3415 simplex
786 3358 857 3394 an
888 3336 1231 3413 conjuncta3
1263 3348 1321 3393 et
1346 3336 1391 3393 si
1428 3333 1738 3410 conjuncta
1767 3334 1972 3405 fuerit,
2013 3345 2207 3392 utrum
2237 3337 2311 3395 sit
2340 3358 2412 3395 ex
2437 3340 2572 3415 plu-

514 3432 671 3491 ribus
700 3431 1119 3511 quaestionibus
1143 3434 1343 3509 juncta
1362 3474 1379 3500 ,
1409 3452 1481 3488 an
1515 3452 1582 3487 ex
1613 3431 1807 3507 aliqua
1835 3432 2294 3508 comparatione,
2315 3452 2571 3511 cap.,12;

516 3529 786 3608 deinceps
813 3548 935 3587 esse
962 3526 1304 3597 videndum,
1326 3546 1454 3605 quae
1472 3527 1735 3605 quaestio,
1763 3541 1894 3601 quae
1923 3527 2092 3595 ratio,
2117 3546 2248 3605 qnae
2262 3528 2572 3603 judicatio,

512 3627 669 3703 quod
696 3628 1119 3684 firmamentum
1149 3644 1334 3683 causae
1362 3624 1437 3681 sit
1455 3667 1472 3695 ,
1497 3643 1623 3700 cap.
1657 3625 1750 3679 13.

594 3724 701 3782 His
719 3722 981 3801 repertiS,
998 3720 1349 3778 ordinandas
1371 3738 1493 3777 esse
1519 3732 1714 3797 partes
1729 3718 2028 3785 orationis,
2040 3738 2171 3795 quoe
2193 3720 2430 3777 omnino
2451 3722 2569 3778 sint

519 3840 649 3876 sex:
678 3818 983 3877 exordium
1002 3862 1016 3887 ,
1062 3819 1321 3875 narratio
1344 3860 1357 3887 ,
1388 3815 1658 3895 partitio,
1706 3814 2066 3873 confirmatio
2088 3856 2104 3885 ‚
2161 3814 2568 3891 reprehensi0‚

518 3918 811 3976 conclusio
832 3960 849 3988 ,
880 3936 1007 3993 cap.
1050 3926 1138 3985 ιι..

590 4014 847 4072 Primum
886 4012 1065 4091 igitur
1110 4010 1449 4089 praecipitur
1490 4009 1564 4065 de
1609 4008 1881 4077 exordio,
1933 4006 2091 4085 quod
2139 4024 2317 4083 quum
2361 4008 2572 4068 debeat

520 4108 849 4167 auditorem
877 4107 1209 4165 benivolum
1232 4150 1251 4180 ,
1290 4118 1608 4176 attentum,
1640 4103 1886 4162 docilem
1915 4103 2132 4173 facere,
2163 4102 2580 4165 consideranda

2279 4200 2383 4271 18.
