2982 4682
637 439 742 508 IN
791 437 1118 506 LIBROS
1167 436 1295 505 AD
1345 437 1423 504 C.
1477 431 2053 502 HERENNIUM.
2298 451 2424 500 xm

289 573 576 647 tilianus
611 574 770 671 ipse
815 595 967 643 non
1015 593 1246 669 pauca
1291 567 1383 640 de
1435 581 1589 640 arte
1638 564 2021 638 Rhetorica
2058 553 2437 664 scripsisse*

295 696 512 770 dicit?

387 820 749 911 «Quintil.
785 823 919 909 IX,
946 815 1026 908 3,
1061 845 1144 917 9¹
1187 847 1206 889 ε
1247 817 1651 912 «Quaedam
1694 817 1999 891 omnino
2050 839 2201 886 nou
2257 829 2431 886 sunt

296 944 574 1041 figurae,
601 946 792 1015 sicut
827 944 1051 1032 ordo,
1087 944 1612 1034 dinumeratiO,
1650 939 2253 1039 circumscripti03
2287 941 2435 1011 sive

302 1068 445 1138 hoc
495 1067 796 1138 nomine
841 1066 1294 1166 significatur
1333 1067 1859 1167 comprehensa
1912 1064 2227 1136 breviter
2274 1087 2436 1134 sen-

303 1191 561 1276 tentia,
624 1193 772 1262 sive
825 1190 1083 1264 finitio,
1149 1197 1332 1266 Nam
1397 1208 1473 1266 et
1531 1192 1681 1262 haec
1728 1187 2163 1264 Cornificius
2220 1203 2439 1284 atque

303 1313 620 1384 Rutilius
662 1313 1026 1386 schemata
1053 1313 1274 1400 λέξεως
1317 1330 1578 1415 putant
1604 1347 1660 1386 n.
1720 1313 1941 1386 Recte
1987 1311 2441 1412 Spaldingius

307 1435 422 1505 his
465 1433 705 1506 verbis
759 1437 1238 1534 (pronomine
1297 1439 1457 1512 lzaec
1514 1452 1799 1511 tantum
1857 1437 1946 1510 ad
2010 1433 2227 1507 verba
2282 1457 2441 1532 quae

309 1559 642 1656 proxime
681 1560 1092 1656 praecedunt
1128 1561 1416 1658 relato),
1458 1562 1993 1654 Quintilianum
2036 1557 2179 1632 hoc
2220 1559 2441 1656 signi-

307 1679 530 1753 ficare
567 1682 956 1771 existimat,
999 1690 1429 1756 sententiam
1465 1697 1541 1756 et
1578 1683 2063 1780 definitionem
2105 1707 2145 1752 a
2185 1683 2445 1753 Corui-

309 1803 484 1877 ficio
528 1820 602 1875 et
653 1806 924 1878 Rutilio
966 1809 1156 1878 inter
1196 1805 1462 1906 figuras
1511 1807 1907 1880 verborum
1954 1806 2212 1878 relatas
2264 1829 2441 1878 esse.

313 1927 552 2024 quue
593 1925 862 1999 factum
902 1944 1013 2000 est
1047 1928 1140 2002 ab
1180 1945 1478 2002 auctore
1516 1929 1603 2002 ad
1642 1937 1957 2002 Herenn.
1994 1933 2117 2015 IV,
2171 1953 2283 2027 17,
2323 1928 2449 2017 25,

317 2049 518 2122 unde
547 2065 792 2123 tamen
819 2076 970 2123 non
1011 2054 1360 2150 sequitur,
1398 2077 1565 2125 eum
1598 2076 1753 2123 esse
1783 2050 2293 2138 Cornificium,
2328 2065 2453 2122 aut

315 2175 856 2266 Quintilianum
897 2176 987 2247 ad
1031 2179 1160 2249 ista
1205 2177 1646 2250 Herenniani
1686 2181 1920 2274 capita
1974 2175 2046 2246 h.
2109 2173 2157 2246 l.
2210 2199 2458 2272 respe-

319 2301 532 2373 xisse.
578 2303 757 2373 Nam
787 2305 847 2372 si
874 2301 1302 2375 Cornificius
1340 2301 1756 2401 proprium,
1798 2313 1881 2372 ut
1914 2322 2049 2371 nos
2080 2313 2456 2397 putamus,

323 2418 596 2497 librum
630 2427 724 2498 de
751 2424 1002 2523 figuris
1040 2428 1488 2524 composuit,
1522 2429 1765 2525 potuit
1798 2449 1969 2497 sane
2008 2421 2269 2495 eodem
2296 2446 2458 2494 mo-

327 2548 470 2637 de,
535 2574 688 2646 quo
753 2550 1100 2636 Rutilius»,
1169 2550 1613 2621 Herenniani
1683 2548 2017 2647 exemplo
2081 2547 2462 2636 inductus»,

323 2679 742 2745 sentenn'am
785 2689 860 2745 et
908 2674 1400 2776 definitionem
1443 2673 1633 2745 inter
1682 2671 2045 2745 schemata
2082 2668 2301 2756 λέξεως
2348 2696 2462 2743 re·

330 2799 596 2896 cipere.
1560 2830 1569 2851 ¹

429 2949 465 2985 α
489 2921 792 3010 Quintil.
829 2926 960 3007 IX,
999 2928 1081 3010 4,
1117 2922 1212 3020 98
1251 2950 1266 2993 :
1313 2952 1348 2988 α
1375 2920 1635 3018 Adjicit
1670 2921 1781 2993 his
1816 2917 2123 3019 (figuris)
2149 2919 2469 2991 Caecilius

339 3046 726 3141 περίφρασιν,
785 3044 878 3118 de
918 3070 1064 3143 qua
1100 3045 1269 3116 dixi.
1313 3044 1747 3116 Cornificius
1785 3042 2425 3138 interrogationem
2448 3095 2469 3130 ,

339 3169 956 3239 ratiocinationem
976 3223 996 3257 ,
1034 3168 1590 3265 subjectionem,
1624 3168 2203 3255 translationem,
2234 3165 2473 3237 occul-

343 3292 725 3380 tationem3
787 3306 1134 3390 praeterea
1189 3293 1655 3379 sententiam,
1702 3289 2145 3377 membrum,
2208 3290 2476 3361 articu-
2558 3336 2563 3346 -

347 3414 496 3485 lum
517 3469 538 3503 ,
569 3416 1242 3512 interpretationem
1266 3469 1285 3502 ,
1325 3416 1908 3502 conclusionem3
1939 3438 2255 3510 quorum
2286 3414 2478 3512 prio-

351 3562 427 3609 ra
451 3538 750 3610 alterius
776 3541 1056 3636 generis
1081 3554 1253 3611 sunt
1279 3532 1643 3612 schem‘ata
1661 3594 1681 3629 ,
1716 3539 2091 3635 sequentia
2118 3538 2483 3610 schemata

351 3664 654 3733 omnino
687 3686 840 3732 non
869 3676 1039 3733 sunt
1057 3692 1114 3732 ».
1142 3665 1641 3734 Herennianus
1672 3663 1927 3759 utique
1944 3664 2019 3732 in
2044 3660 2296 3760 figuris
2322 3687 2481 3735 ver-

357 3782 618 3855 borum
649 3787 984 3857 nominat
1007 3786 1651 3883 interrogationem
1689 3790 1809 3873 lv,
1842 3810 1905 3858 c.
1952 3810 1975 3856 1
1994 3783 2072 3872 5,
2106 3786 2510 3858 ratim-ina·-

361 3908 633 3981 tionem
706 3932 770 3981 c.
853 3908 978 3995 16,
1041 3907 1567 4004 subjectionem
1632 3934 1691 3981 c.
1757 3912 1887 3996 24,
1948 3909 2491 3981 translationem

367 4054 427 4101 c.
451 4031 544 4119 34
566 4086 587 4119 ,
617 4030 1180 4105 occultationem
1202 4056 1266 4105 c.
1308 4056 1424 4129 27.
1456 4035 1641 4103 Nam
1672 4034 1803 4103 etsi
1824 4033 1896 4103 in
1925 4031 2265 4104 omnihus
2290 4032 2493 4105 libris

369 4150 560 4251 apud
595 4158 1163 4246 Herennianum,
1201 4180 1261 4229 c.
1295 4182 1409 4253 27,
1435 4156 1697 4255 legitur
1732 4160 2152 4256 occupatiO‚
2198 4158 2499 4231 certissi-
