2982 4682
697 407 824 476 DE
871 407 1478 498 INVENTIONE,
1527 413 1797 482 LIBER
1844 413 1951 498 Π,
2012 415 2119 498 ¹4·
2325 413 2471 500 425

341 541 752 600 nascentur.
813 531 1145 621 Quorum
1209 547 1805 631 argumentorum
1853 558 2019 632 pars
2074 533 2433 634 probabili
2451 592 2471 626 ,

339 664 508 738 pars
535 642 936 712 necessario
961 642 1036 712 in
1066 665 1332 739 genere
1367 642 1795 716 versabitur.
1832 642 2205 716 Accedunt
2232 660 2473 718 autem

343 749 436 820 ad
462 750 954 845 conjecturam
977 755 1633 852 saepe-quaestiones
1653 765 1708 842 7,
1746 756 2195 842 testimonia,
2230 780 2473 827 rumo-

341 883 458 930 res
489 885 506 927 :
551 885 714 956 quae
744 877 996 934 contra
1025 865 1269 934 omnia
1288 859 1320 910 ⁸
1357 878 1673 961 uterque
1700 865 1909 936 simili
1945 867 2059 936 via
2092 879 2475 964 praecepto-

341 994 508 1040 rum
539 983 883 1067 torquere
917 971 1006 1044 ad
1029 997 1174 1044 suae
1200 997 1428 1046 causae
1457 974 1921 1048 commodum
1948 973 2264 1046 debebit.
2294 979 2475 1047 Nam

345 1094 420 1150 et
443 1104 530 1149 ex
550 1085 952 1176 quaestione
989 1085 1434 1210 suspiciones
1448 1097 1507 1174 ⁹,
1550 1102 1627 1158 et
1666 1111 1757 1158 ex
1791 1087 2352 1178 testimoni02et
2388 1110 2477 1157 ex

343 1213 639 1262 rumore
675 1191 923 1287 aliquo
958 1196 1114 1291 pari
1154 1196 1472 1282 ratione,
1511 1210 1599 1266 ut
1639 1220 1729 1267 ex
1774 1219 2015 1284 causa,
2062 1209 2135 1268 et
2174 1219 2263 1266 ex
2306 1218 2477 1294 per-

347 1323 563 1387 sona,
609 1315 680 1372 et
709 1326 798 1372 ex
827 1299 1016 1373 facto
1044 1303 1212 1374 duci
1245 1303 1635 1430 oportebit.

441 1407 602 1505 (xv.
622 1409 650 1507 )
696 1413 940 1501 Quare
981 1413 1194 1486 nobis
1241 1429 1312 1486 et
1356 1416 1404 1485 ii
1457 1413 1800 1486 videntur
1842 1385 2113 1506 errare,
2156 1420 2289 1513 'qui
2332 1415 2479 1487 hoc

346 1543 575 1616 genus
612 1526 1108 1620 suspicionum
1163 1524 1444 1598 artificii
1500 1551 1651 1596 non
1694 1539 1955 1622 putant
1996 1525 2357 1622 indigere,
2405 1541 2479 1599 et.

347 1631 430 1718 ii,
467 1632 596 1736 qui
634 1632 840 1705 aliter
881 1633 1024 1705 hoc
1073 1634 1164 1707 de
1201 1659 1502 1732 genere,
1548 1659 1631 1706 ac
1676 1633 1769 1706 de
1817 1635 2019 1706 omni
2067 1635 2481 1729 conjectura

347 1742 908 1842 praecipiendum
934 1759 1212 1843 putant.
1243 1746 1501 1816 Omnis
1525 1746 1717 1815 enim
1736 1743 1993 1816 iisdem
2010 1768 2099 1814 ex
2116 1744 2293 1816 locis
2310 1769 2475 1816 con·

342 1851 622 1944 jectura
659 1854 1007 1926 sumenda
1037 1869 1145 1926 est
1173 1883 1190 1925 z
1228 1880 1396 1926 nam
1429 1869 1501 1925 et
1539 1855 1719 1950 ejuS,
1743 1856 1953 1950 qui¹⁰
1985 1856 2061 1924 in
2080 1859 2479 1952 quaestione

348 1959 616 2057 aliquid
646 1962 946 2050 dixerit,
1005 1978 1078 2036 et
1107 1966 1300 2061 ejuS,
1345 1969 1474 2061 qui
1522 1965 1597 2034 in
1646 1965 2094 2052 testimonie,
2144 1979 2219 2036 et
2248 1967 2475 2063 ipsius

347 2073 659 2142 rumoris
684 2083 740 2114 ¹¹
793 2097 1004 2145 causa
1043 2087 1116 2144 et
1151 2077 1412 2148 veritas
1456 2099 1545 2145 ex
1583 2073 1837 2146 iisdem
1882 2071 2479 2148 attributionibus

346 2182 770 2276 reperietur.
801 2185 1021 2254 Omni
1047 2199 1288 2256 autem
1325 2186 1400 2254 in
1431 2207 1645 2254 causa
1682 2207 1845 2281 pars
1886 2199 2479 2282 argumentorum

351 2303 458 2361 est
507 2290 840 2387 adjuncta
885 2295 950 2365 ei
996 2319 1224 2367 causae
1270 2296 1548 2383 solum,
1602 2319 1763 2393 quae
1809 2292 2211 2379 diceturn,
2260 2309 2333 2367 et
2383 2294 2479 2367 ab

351 2400 506 2498 ipsa
541 2402 639 2473 ita
675 2402 924 2491 ducta,
971 2418 1054 2475 ut
1081 2405 1172 2479 ab
1203 2432 1287 2477 ea
1321 2407 1703 2504 separatim
1746 2406 1823 2476 in
1860 2428 2113 2475 omnes
2151 2403 2479 2498 ejusdem

349 2515 630 2608 generis
678 2538 921 2587 causas
969 2514 1334 2588 transferri
1371 2543 1523 2588 non
1566 2518 1735 2589 satis
1781 2513 2161 2589 commode
2210 2515 2437 2614 possit
2456 2543 2487 2603 3·

351 2644 517 2717 pars
546 2638 786 2695 autem
815 2640 924 2697 est
951 2628 1424 2725 pervagatior,
1461 2642 1535 2699 et
1574 2642 1701 2699 aut
1744 2630 1821 2697 in
1862 2650 2117 2697 omnes
2156 2622 2477 2718 ejusdem

352 2738 668 2829 generis,
707 2750 830 2808 aut
859 2740 934 2807 in
964 2738 1342 2835 plerasque
1389 2762 1639 2810 causas
1676 2734 2237 2831 accommodata.

425 2985 473 3027 7.
523 2967 841 3031 Qua-stiones.
887 2969 946 3016 Id
983 2980 1055 3019 cst
1069 3004 1084 3029 ,
1127 2978 1372 3019 tormenta

351 3063 461 3113 qua
487 3046 712 3095 adhibito
744 3050 966 3111 corporis
998 3050 1216 3097 cruciatu
1239 3049 1370 3097 veri-

353 3138 500 3177 tatem
520 3127 819 3190 exprimunt.
832 3126 906 3173 De
925 3127 1278 3190 quaestionibus
1293 3126 1372 3175 hia

350 3206 454 3255 sive
477 3206 750 3265 tormentis,
769 3206 983 3269 itemque
1001 3206 1063 3253 de
1082 3204 1372 3253 testimoniis

353 3296 402 3333 et
422 3285 700 3335 rumoribus
735 3284 834 3349 agit
855 3300 918 3333 ex
947 3284 1171 3350 professo
1199 3284 1374 3346 Quint.

349 3365 512 3425 ΚΒΝ,
542 3382 652 3429 cap.
683 3366 742 3426 3,
764 3372 794 3421 4
813 3399 828 3426 ,
865 3380 912 3425 7,
939 3382 996 3429 p.
1034 3364 1288 3424 nosnos,
1325 3372 1374 3410 et

352 3458 460 3507 neq.
479 3446 626 3493 Cur.

427 3525 477 3573 8.
507 3526 628 3586 Quoe
661 3534 836 3571 contra
866 3524 1036 3573 omnia
1069 3534 1274 3585 mer-que
1307 3521 1375 3569 εἰ-

347 3601 460 3649 )ιίΙί
482 3602 590 3650 via.
625 3603 740 3651 Hoc
768 3601 972 3650 verbum
1009 3614 1180 3651 contra
1213 3601 1374 3665 expli-

356 3696 464 3729 ατο
489 3680 540 3730 h.
575 3681 612 3729 l.
637 3697 742 3729 nou
769 3698 970 3745 pontum
992 3698 1006 3729 x
1039 3680 1248 3731 arbitror
1273 3696 1375 3729 ease

353 3758 632 3809 delendum.
669 3762 796 3809 Ena.
836 3788 906 3799 —
945 3760 1138 3809 Delevit
1180 3760 1375 3809 sehiitz.

351 3850 412 3887 ut
438 3840 678 3903 ineptum.

425 3935 478 3981 9.
515 3920 599 3966 Ea:
630 3918 896 3982 quastione
913 3918 1219 3984 smpiosbnes.
1241 3920 1378 3969 Lam·

353 3999 460 4047 bini
497 3997 739 4047 editiones
769 3998 1035 4062 prasci-unt
1061 3997 1382 4063 suspicio-sior,

355 4093 456 4141 qno
495 4076 620 4140 quid
659 4075 760 4125 sibi
795 4078 912 4125 velit
938 4078 1141 4127 nescio:
1179 4076 1382 4126 alterum

355 4160 484 4207 enim
512 4166 658 4206 restat
689 4158 742 4205 in
769 4156 896 4205 Mss
922 4155 1104 4207 nonu-ia
1135 4166 1186 4205 ot
1207 4154 1384 4215 editis,

1459 2968 1557 3015 nisi
1602 2965 1743 3031 quod
1793 2966 1850 3014 Ρ.
1898 2964 2109 3013 Munatii
2146 2960 2481 3028 suspicionum.

1459 3049 1629 3097 Gaur.

1536 3142 1615 3173 ιο.
1646 3125 1781 3173 Nam
1830 3134 1881 3173 et
1918 3123 2043 3189 ojus,
2077 3123 2191 3186 qui.
2210 3152 2225 3169 .
2245 3156 2261 3173 .

1461 3204 1563 3269 qui.
1594 3201 1851 3253 Schiitziua
1878 3202 1991 3259 dat.
2019 3223 2046 3245 σε
2072 3212 2121 3250 et
2142 3202 2247 3263 eju·
2280 3200 2479 3265 quod...

1460 3291 1511 3331 et
1544 3284 1647 3345 ejus
1666 3282 1803 3347 quod
1822 3306 1867 3338 υ.
1898 3283 2055 3343 Nam,
2077 3280 2261 3346 inquit,
2294 3296 2397 3329 non
2420 3281 2483 3330 de

1461 3380 1607 3413 causa
1648 3374 1697 3413 et
1722 3365 1923 3413 verit-te
1949 3363 2055 3424 eius
2073 3396 2089 3421 ,
2126 3360 2188 3409 do
2220 3376 2327 3425 quo
2348 3376 2483 3425 que·

1460 3444 1558 3493 otio
1578 3443 1743 3492 habita
1760 3453 1862 3503 est,
1895 3443 1973 3491 vel
1992 3444 2097 3504 ejus
2112 3478 2129 3503 ,
2157 3442 2245 3504 qui
2266 3440 2487 3489 testimo-

1462 3524 1599 3571 ninm
1624 3520 1775 3581 dixit,
1798 3522 1974 3585 agitur,
2008 3519 2096 3567 ned
2132 3518 2195 3567 de
2214 3519 2413 3565 veritate
2436 3526 2489 3564 et

1461 3618 1605 3651 causa
1639 3617 1835 3659 eorum,
1866 3616 1977 3663 qun
2008 3599 2059 3646 in
2094 3596 2369 3661 quastione
2405 3594 2489 3642 vel

1463 3680 1745 3729 testimonio
1770 3678 1901 3736 dicu
1929 3688 2061 3725 sunt.

1544 3774 1567 3807 1
1580 3774 1627 3807 ι.
1648 3760 1715 3807 Ee
1730 3756 1880 3823 ipsius
1896 3757 2107 3805 rumoris
2127 3769 2281 3803 causa
2294 3764 2345 3800 ee
2357 3750 2492 3799 veri-

1467 3850 1547 3887 tas
1582 3854 1676 3897 ex,
1712 3848 1805 3887 etc.
1832 3836 1999 3885 Editio
2036 3836 2193 3902 prima
2235 3854 2261 3875 ιι
2278 3830 2495 3881 rumoris

1465 3918 1645 3967 verius
1666 3934 1779 3967 ex».
1816 3916 1921 3965 1³21.
1945 3932 2043 3964 nec.
2070 3938 2096 3957 α
2115 3928 2259 3962 cansa
2284 3921 2334 3960 et
2368 3910 2491 3957 veri-

1471 3999 1587 4047 tntis
1606 4014 1669 4046 ex
1696 4018 1745 4046 ι.
1772 4000 1939 4047 Gnur.

1549 4093 1631 4125 η.
1652 4079 1775 4140 Qua·
1796 4074 1997 4123 dicetur.
2022 4073 2149 4123 Mss
2170 4070 2303 4121 Oud.
2322 4070 2421 4119 Gn.
2445 4084 2495 4129 1,

1475 4168 1525 4205 et
1558 4154 1637 4204 ed.
1672 4171 1750 4219 pr.
1788 4152 1979 4202 dieitur.
2016 4152 2147 4201 mad
2178 4160 2265 4201 aut
2294 4148 2469 4197 melius
2484 4182 2499 4207 ,

2294 3132 2345 3169 ee
2376 3120 2483 3186 ejus
