2982 4682
1156 310 1251 378 M.
1303 309 1380 376 T.
1434 309 1922 378 CICERONIS

578 435 656 501 V.
734 439 793 502 Α
868 442 1113 501 nostra
1186 451 1498 527 persona
1590 426 2149 502 benivolentiam
2231 430 2610 504 contrahe-

481 567 643 613 mus
669 551 692 585 ¹
716 595 736 628 ,
798 542 855 611 si
906 553 1235 610 nostrum
1294 537 1613 609 officium
1682 541 1836 610 sine
1895 543 2301 638 arrogantia
2365 541 2610 612 lauda-

477 653 719 742 bimus
744 705 767 738 ,
844 662 969 719 aut
1062 652 1139 717 in
1216 647 1740 746 rempublicam
1769 660 1799 693 ²
1886 651 2134 747 quales
2213 648 2562 722 fuerimus
2589 705 2606 735 ,

482 777 605 834 aut
650 762 723 830 in
764 773 1140 857 parentes,
1174 772 1299 830 aut
1326 761 1401 828 in
1442 760 1749 848 amicos,
1787 764 2024 852 aut-in
2065 785 2190 833 eos
2222 763 2448 859 ipsos,
2475 763 2638 859 qui.

478 871 784 944 audiunt
800 866 856 957 3,
877 868 1301 955 referemus,
1348 867 1526 939 dum
1563 867 1718 941 haec
1743 872 2033 940 omnia‘*
2070 869 2160 941 ad
2189 895 2346 942 eam
2383 873 2608 968 ipsam

479 1005 631 1054 rem
652 977 707 1067 ⁵,
766 978 857 1050 de
912 1001 1059 1075 qua
1118 979 1393 1076 agitur,
1486 980 1630 1050 sint
1691 978 2249 1052 accommodata.
2313 986 2495 1052 Item
2553 983 2608 1053 si

483 1105 729 1164 nostra
752 1087 1212 1160 incommoda
1236 1087 1686 1186 proferemus
1703 1144 1723 1177 ,
1741 1090 2062 1188 inopiam
2079 1144 2099 1179 ,
2117 1091 2612 1178 solitudinem,

482 1202 991 1276 calamitatem:
1047 1212 1155 1286 et,
1194 1200 1251 1270 si
1286 1195 1721 1288 orabimus⁶,
1751 1214 1836 1270 ut
1865 1199 2077 1271 nobis
2115 1201 2266 1271 sint
2295 1201 2610 1286 auxilio;

477 1309 690 1386 simul
726 1307 1247 1395 ostendemus7,
1270 1332 1403 1379 nos
1426 1310 1504 1379 in
1535 1309 1686 1380 aliis
1714 1332 1918 1407 spem
1939 1308 2260 1382 noluisse
2273 1308 2544 1381 habere
2555 1305 2608 1380 ⁸.

481 1421 592 1493 Ab
624 1418 1191 1492 adversariorum
1215 1441 1524 1516 persona
1550 1415 2041 1490 benivolentia
2075 1417 2517 1518 captabitur,
2553 1421 2612 1492 si

482 1555 605 1604 eos
646 1535 721 1600 iu
757 1528 1049 1615 odium,
1084 1527 1161 1598 in
1196 1526 1570 1616 invidiam,
1605 1529 1682 1598 in
1725 1532 2342 1628 contemptionem
2378 1530 2610 1602 addu-

482 1663 750 1714 cemus.
806 1644 895 1709 In
940 1637 1189 1708 odium
1225 1638 1628 1736 rapiemus,
1669 1640 1732 1710 si
1770 1639 1972 1736 quod
2009 1663 2262 1711 eorum
2305 1663 2566 1737 spurce
2591 1693 2612 1726 ,

482 1748 830 1850 superbe,
854 1745 1269 1846 perfidiose,
1288 1745 1697 1834 crudeliter,
1725 1747 2206 1836 confidenter,
2237 1749 2612 1834 malitiose,

388 1945 395 1952 .
480 1861 829 1959 flagitiose
866 1856 1132 1928 factum
1172 1854 1644 1954 proferemus.
1685 1862 1768 1928 Iu
1811 1858 2160 1930 invidiam
2209 1858 2611 1942 trahemuS,

486 1974 543 2046 si
580 1973 721 2040 vim
746 2022 767 2058 ,
804 1969 862 2040 si
892 1968 1325 2066 potentiam,
1353 1964 1776 2057 factionem,
1809 1967 2093 2040 divitias
2113 2022 2134 2057 ,
2161 1969 2610 2040 incontinen-

490 315 573 398 ¹4

488 2162 702 2218 quatuor
722 2148 879 2198 medis
894 2148 1179 2214 poterimus.
1210 2147 1291 2197 Sic
1325 2161 1353 2196 e
1388 2145 1502 2198 cod.

484 2234 618 2295 Aug.
658 2229 989 2294 rescripsimus
1007 2261 1023 2287 ‚
1066 2228 1265 2290 iuquit3
1315 2243 1508 2291 semper

484 2311 616 2361 enim
650 2319 820 2358 auctor
861 2307 942 2355 hic
983 2308 1136 2356 utitur
1170 2306 1337 2355 futuro
1379 2315 1506 2355 tem·

486 2388 776 2457 poree-Ab
793 2387 1207 2447 adversariorum,
1227 2386 1293 2435 ab
1310 2386 1507 2435 audito·

485 2486 596 2518 rum
624 2482 835 2533 persona
850 2500 867 2526 ,
898 2477 949 2515 ee
981 2482 1017 2513 a
1046 2464 1189 2513 rebus
1218 2463 1345 2529 ipses.
1381 2486 1407 2507 ιι
1425 2464 1508 2514 Ab

488 2546 873 2596 adversariorum
904 2560 1109 2609 persona
1137 2554 1187 2591 et
1220 2542 1285 2591 ab
1316 2543 1510 2591 audito·

486 2642 593 2675 rum
634 2635 683 2675 et
724 2641 753 2673 a
788 2622 933 2672 rebus
967 2622 1129 2687 ipsis»
1164 2621 1243 2670 ed.
1268 2620 1409 2669 Med.
1438 2648 1509 2660 —-

488 2703 900 2755 Adummim-um.
939 2703 1225 2751 Nostrorum
1272 2700 1510 2760 adjiciunt

491 2800 579 2833 sex
608 2782 754 2832 codd.
780 2780 1005 2830 Oudend.
1034 2779 1122 2845 qui
1148 2777 1202 2828 id
1235 2780 1341 2829 sine
1365 2795 1508 2829 eausa

490 2864 687 2931 probat.
718 2863 835 2911 Seu.

559 2945 627 2992 V.
677 2960 697 2991 x
710 2980 723 2993 .
766 2941 981 2990 Benivol.
1022 2938 1379 2991 contrahemus.
1424 2940 1510 2987 Be·

487 3024 765 3073 chichemus
780 3025 831 3071 iu
850 3025 941 3072 Ms
958 3020 1145 3070 invenit
1160 3035 1509 3086 comparemus,

486 3104 615 3153 unde
666 3104 829 3153 sonan
892 3101 1281 3164 comparabimus
1333 3098 1509 3163 aliquis

488 3182 771 3247 praetulerit.
840 3182 1079 3229 Gruterus
1128 3178 1463 3242 suspicabatur
1486 3210 1506 3235 ,

492 3282 516 3305 ι
536 3258 916 3309 benivolentiam
952 3256 1335 3305 contrahemus·
1373 3272 1402 3303 a
1442 3256 1508 3303 li-

488 3340 659 3389 brariis
697 3337 917 3386 additum
966 3350 1086 3384 esse.
1128 3333 1225 3382 Sed
1266 3332 1509 3395 eimedi

486 3416 871 3481 breviloquentia
886 3414 949 3463 ab
956 3424 1153 3463 auctore
1166 3424 1341 3461 nostro
1353 3414 1508 3463 aliena

488 3507 583 3547 est.
609 3497 757 3544 Amat
780 3493 949 3557 potius
975 3490 1291 3540 variationem
1320 3493 1373 3539 in
1402 3508 1512 3539 ver.

486 3578 592 3637 bis,
628 3586 685 3625 ut
706 3584 875 3638 postea
901 3587 917 3621 t
944 3593 971 3614 a
990 3570 1317 3619 benivolentia
1344 3581 1509 3636 capta·

484 3658 641 3705 bitur.
664 3688 677 3703 .
700 3690 713 3703 .
742 3652 999 3717 colligetur
1016 3674 1058 3699 ιι.
1086 3652 1203 3700 Seu.
1394 3650 1407 3665 ³

558 3750 609 3783 a.
656 3736 763 3781 Aue
806 3730 859 3779 in
902 3728 1265 3794 rempublicam.
1308 3726 1507 3778 Sehiitz.

488 3826 639 3877 atque
662 3813 713 3859 in
741 3811 1204 3874 rempublicam.'Sic
1230 3808 1291 3857 ad
1318 3806 1506 3857 ordinis

484 3891 909 3957 perspicuitatem,
937 3890 1123 3953 iuquit,
1150 3887 1357 3937 scribere
1383 3902 1507 3951 pre·

484 3983 583 4019 stat
616 3988 643 4019 e
678 3969 793 4020 cod.
822 3970 1016 4034 Gryph.
1035 3968 1173 4033 quod
1194 3968 1315 4017 vidit
1344 3966 1504 4016 mich.

481 4050 677 4101 Brutus.

1667 2149 1716 2199 3.
1738 2148 1834 2212 Qui
1852 2149 2061 2200 audiunt
2077 2184 2093 2209 ,
2126 2151 2396 2216 referemus.
2417 2147 2612 2198 Schiitz.

1594 2229 1682 2294 qui
1705 2227 2003 2280 audienall.
2024 2247 2071 2279 e.
2088 2230 2266 2294 iuquit,
2287 2230 2494 2290 iudices.
2519 2231 2614 2275 Ita·

1593 2323 1690 2373 que
1715 2308 1790 2357 vel
1819 2307 1916 2358 hoc
1940 2319 2224 2375 argumento
2255 2318 2416 2374 patet,
2443 2307 2614 2357 iectio-

1593 2402 1706 2438 nem
1732 2398 1844 2437 ante
1877 2390 2124 2439 Graevium
2145 2425 2161 2450 ,
2193 2404 2289 2451 qua
2321 2386 2612 2447 addebatur,

1599 2467 1718 2517 uvel
1755 2484 1952 2530 omues,
1976 2468 2056 2516 vel
2083 2467 2332 2531 aliquos»,
2359 2466 2612 2515 delendam

1595 2562 1714 2596 esse.
1739 2574 1810 2585 —
1836 2546 2054 2596 Additur
2078 2546 2278 2610 aliquid
2297 2556 2408 2595 aute
2433 2544 2612 2611 refere-

1596 2640 1702 2674 mus
1738 2628 1828 2676 MS
1859 2636 1908 2674 et
1939 2625 2054 2675 edd.
2109 2635 2260 2687 1⁴74·
2295 2626 2432 2675 Med.
2471 2628 2611 2675 sunt.

1597 2704 1713 2754 Ald.
1730 2705 1808 2754 ed.
1827 2704 1966 2756 Med.
1990 2706 2143 2769 1498,
2160 2704 2239 2753 ed.
2265 2704 2416 2767 1476,
2433 2716 2484 2753 et
2498 2704 2610 2753 cod.

1595 2785 1748 2910 Aukg.-
1769 2856 1898 2902 Dum
1952 2853 2064 2903 Itaee
2114 2852 2296 2903 omnia.
2341 2854 2610 2903 Dummodo

1595 2933 1814 2998 praebent
1832 2933 1950 2984 Ald.
1981 2945 2032 2982 et
2055 2934 2120 2984 al.
2147 2932 2262 2981 edd.
2290 2934 2482 2983 Ernesti
2507 2936 2608 2983 edi-

1595 3013 1668 3062 dit
1699 3013 1816 3061 dum
1851 3030 1879 3061 e
1921 3015 2046 3063 MSS
2085 3022 2133 3061 et
2173 3012 2287 3062 edd.
2333 3024 2451 3061 vett.
2493 3014 2612 3063 edit.

1599 3100 1732 3155 1⁴74
1752 3127 1768 3151 ,
1796 3092 2015 3142 Juntina.

1669 3174 1718 3221 5.
1768 3172 1854 3221 Aa
1903 3188 2020 3221 eam
2066 3170 2220 3236 ipsam
2255 3186 2372 3219 rem.
2411 3168 2607 3221 Schiita.

1596 3249 1728 3301 delet
1757 3252 1939 3317 ipsam,
1958 3262 2014 3300 ut
2029 3264 2410 3317 supervacuum,
2433 3262 2482 3299 et
2498 3251 2612 3316 quia

1595 3330 1746 3381 modo
1769 3342 2074 3395 precesserat
2095 3330 2240 3395 ipsos.

1665 3410 1719 3460 6.
1743 3412 1834 3473 Ee,
1863 3408 1908 3458 si
1935 3408 2196 3460 ambimus.
2219 3408 2517 3475 Rogabs‘nus
2533 3408 2616 3457 ed.

1601 3490 1756 3552 1476.
2013 3514 2018 3521 ·

1670 3585 1719 3631 7.
1753 3567 1910 3615 St‘nud
1945 3567 2266 3617 ostendemus.
2319 3587 2345 3608 ιι
2370 3568 2432 3614 Et
2471 3564 2616 3613 simul

1597 3646 1906 3695 ostendemus
1921 3669 1945 3687 u·
1967 3648 2094 3697 MSS
2117 3642 2254 3696 Oud.
2269 3645 2349 3694 ed.
2367 3644 2488 3694 ΔΜ.
2509 3666 2536 3687 σι
2554 3646 2618 3694 Et

1594 3726 1638 3774 si
1661 3726 1808 3774 simul
1832 3726 2140 3775 ostendemus
2159 3747 2184 3769 ι
2219 3726 2336 3773 cod.
2376 3726 2505 3786 Aug.
2535 3723 2614 3772 ed.

1601 3807 1754 3867 1476.
1778 3812 1808 3848 α’
1825 3806 1876 3853 Si
1896 3806 2040 3853 simul
2061 3826 2084 3849 ι
2109 3806 2189 3855 ed.
2209 3804 2346 3853 Med.
2373 3800 2524 3867 1498.

1667 3882 1717 3934 8.
1755 3886 1857 3932 Nos
1884 3884 1932 3932 in
1961 3884 2072 3932 aliis·
2112 3900 2244 3948 spem
2291 3882 2504 3931 noluisse
2529 3880 2618 3929 ha·

1593 3964 1718 4013 bere.
1749 3986 1772 4007 ι
1795 3967 1856 4012 ln
1889 3964 1998 4011 aliis
2025 3978 2160 4027 spem
2191 3979 2286 4012 nos
2319 3962 2498 4011 habere
2523 3976 2616 4009 uo-

1591 4042 1738 4092 luisse
1757 4065 1781 4085 ·
1808 4042 1886 4091 ed.
1918 4042 2066 4101 1476.
