2982 4682
440 464 446 471 ,
484 388 613 471 ¹42
1156 388 1256 455 M.
1304 388 1381 454 Τ.
1435 387 1935 457 CICERONIS

477 506 815 579 cundiam
830 502 1165 592 inducit-2,
1183 521 1309 578 aut
1324 505 1414 577 ad
1434 505 1993 579 misericordiam
2021 504 2244 577 trahit
2267 505 2616 581 auditoris

477 619 820 691 animum.
870 621 1121 689 Sermo
1157 616 1500 689 dividitur
1537 620 1612 688 in
1651 632 1889 722 partes
1927 629 2279 715 quatuor,
2315 614 2616 715 dignita-

478 742 659 812 tem,
695 724 1425 814 demonstrationem,
1452 732 1936 799 narrationem
1955 781 1974 813 ‚
1996 724 2460 821 jocationem.
2493 731 2617 799 Di-

475 838 707 934 gnitas
736 850 842 907 est
876 837 1107 907 oratio
1139 861 1307 907 cum
1338 836 1584 935 aliqua
1619 838 1998 934 gravitate,
2032 850 2106 906 et
2133 838 2329 907 vocis
2361 841 2612 908 remis-

480 950 683 1032 sione
728 974 744 1016 ε
794 944 1317 1018 demonstratio
1367 962 1474 1018 est
1525 950 1758 1018 oratio
1772 944 1826 1033 4,
1873 970 2035 1043 quae
2071 944 2284 1016 docet
2322 947 2615 1017 remissa

476 1081 655 1129 voce
674 1112 694 1142 ‚
729 1056 1103 1152 quomodo
1136 1056 1315 1153 quid
1342 1055 1500 1128 fieri
1533 1058 1886 1155 potuerit,
1915 1070 2041 1127 aut
2077 1079 2228 1126 non
2261 1057 2612 1153 potuerit:

478 1168 797 1239 narratio
846 1180 954 1238 est
992 1191 1239 1259 rerum
1284 1182 1650 1265 gestarum
1673 1224 1694 1256 ,
1739 1182 1866 1239 aut
1908 1165 2210 1264 perinde
2265 1180 2349 1236 ut
2387 1180 2615 1263 gesta-

477 1302 637 1349 rum
659 1331 678 1363 ,
715 1278 1068 1375 expositio
1110 1302 1127 1344 ε
1161 1277 1431 1371 jocatio
1467 1290 1576 1348 est
1611 1280 1842 1347 oratio
1865 1330 1885 1365 ‚
1922 1301 2084 1374 quae
2128 1300 2218 1346 ex
2257 1274 2497 1372 aliqua
2535 1299 2615 1346 re

478 1388 699 1459 risum
721 1383 1117 1484 pudentem
1138 1376 1167 1428 ⁵
1194 1400 1266 1457 et
1292 1384 1660 1457 liberalem
1696 1400 1934 1484 potest
1963 1408 2399 1482 comparare.
2431 1386 2617 1455 Con-

481 1502 713 1568 tentio
748 1495 1094 1567 dividitur
1124 1498 1202 1567 in
1237 1498 1861 1569 continuationem
1895 1510 1970 1567 et
2003 1493 2610 1574 distributionem.

476 1606 943 1679 Continuatio
972 1621 1081 1677 est
1116 1610 1464 1679 orationis
1491 1606 1955 1680 enuntiandae
1973 1602 2008 1649 ⁶
2030 1605 2450 1677 acceleratio
2472 1604 2616 1677 cla-

420 1794 425 1799 ,
480 1740 716 1789 mosa:
746 1715 1163 1789 distributio
1196 1721 1405 1791 estin
1440 1721 1906 1791 contentione
1935 1719 2208 1789 oratio⁷
2237 1715 2615 1815 frequens,

477 1851 647 1899 cum
680 1832 860 1900 raris
897 1843 969 1899 et
1002 1826 1385 1901 brevibus⁸
1432 1828 1862 1917 intervalli3‚
1893 1829 2040 1900 aeri
2075 1825 2612 1900 vociferatione.

480 1936 962 2036 Amplificatio
1014 1938 1361 2011 dividitur
1408 1943 1485 2011 in
1529 1940 2115 2013 cohortationem
2157 1953 2231 2010 et
2291 1961 2614 2034 conque-

480 2050 811 2121 stionem.
849 2048 1273 2121 Cohortatio
1304 2066 1411 2123 est
1426 2062 1483 2139 9,
1523 2077 1686 2149 quae
1725 2048 2022 2149 aliquod
2052 2062 2430 2147 peccatum
2467 2073 2614 2119 am·

550 2222 601 2271 3.
628 2225 737 2270 ΑΜ
758 2222 809 2269 in
838 2220 1147 2269 iracundiam
1174 2223 1377 2271 inducit.
1406 2226 1512 2271 De·-

482 2301 641 2351 dimns
666 2302 717 2349 in
745 2318 773 2348 e
798 2301 921 2350 MSS
958 2310 1007 2349 et
1038 2300 1156 2351 edd.
1188 2316 1267 2366 pr.
1297 2318 1391 2366 pro
1416 2304 1506 2354 ad.

480 2383 703 2430 Ceterum
732 2380 1035 2444 suspicamur
1071 2381 1217 2428 verba
1244 2381 1437 2431 inducit
1458 2394 1510 2432 et

480 2460 631 2509 trabit
667 2475 771 2508 esse
809 2470 1098 2524 pennatam.
1144 2461 1271 2508 Nam
1314 2461 1510 2511 trahere

480 2541 643 2606 aptius
669 2551 744 2588 est
768 2539 855 2587 irae
871 2573 888 2599 ,
920 2536 1150 2586 inducere
1170 2551 1333 2587 antem
1360 2543 1507 2590 miae-

478 2619 736 2667 ricordiae:
760 2631 1051 2680 quamquam
1075 2627 1125 2665 et
1156 2629 1273 2682 post
1306 2631 1379 2668 est
1403 2643 1425 2663 ι
1442 2621 1508 2668 ad

478 2697 777 2746 iracundiam
804 2695 1048 2744 adducere
1068 2719 1120 2746 ι.
1154 2701 1508 2764 Eam—Equi-

482 2777 592 2826 dem
606 2777 730 2826 nihil
748 2793 849 2824 esse
866 2777 1197 2840 opium-'unde
1218 2779 1504 2828 mutandum

481 2857 667 2921 aliquid
710 2857 1044 2920 suspicemur;
1088 2857 1337 2905 inducitur
1376 2875 1506 2924 saepe

482 2937 535 2984 in
586 2937 709 2984 iram
756 2935 953 2982 auditor
1003 2935 1201 2984 minime
1260 2938 1504 2988 concitata

482 3017 733 3073 oratione,
779 3013 991 3077 simplici
1016 3024 1205 3062 tantum
1230 3031 1395 3064 earum
1422 3034 1504 3067 re·

484 3110 591 3142 rum
618 3093 928 3158 expositione
954 3108 1065 3156 quae
1090 3106 1237 3157 gestoe
1260 3107 1394 3145 sunt.
1423 3097 1506 3144 Ad

484 3173 841 3222 miserationem
878 3187 996 3219 vero
1032 3172 1322 3239 plerumque
1352 3175 1504 3223 trahi-

485 3268 623 3310 mur-3
666 3261 935 3314 notumque
984 3263 1059 3300 est
1106 3253 1231 3301 illud
1277 3255 1505 3302 Horatia-

486 3347 631 3390 num,
662 3331 771 3379 Art.
792 3331 927 3380 Poet.
948 3347 999 3380 v.
1028 3347 1122 3380 102
1150 3347 1164 3380 τ
1212 3355 1235 3376 ι
1258 3335 1301 3379 si
1327 3335 1401 3382 vis
1428 3349 1508 3382 me

484 3411 617 3472 flere,
635 3410 901 3459 dolendum
919 3422 992 3460 est
1010 3413 1225 3461 Primum
1242 3414 1337 3478 ipsi
1354 3414 1445 3462 tibi
1462 3435 1508 3463 ι.

558 3498 606 3547 4.
628 3491 991 3539 Demomtratio
1010 3504 1081 3540 ese
1096 3491 1273 3540 oratio·
1298 3493 1510 3542 Addidi·

486 3587 595 3618 mus
620 3567 780 3617 oracio
806 3587 833 3618 e
864 3572 989 3620 Mss
1024 3581 1073 3618 et
1100 3570 1213 3619 edd.
1240 3589 1319 3636 pr.
1351 3583 1411 3620 nt
1433 3585 1508 3623 est

480 3651 534 3697 in
560 3649 732 3698 ceteris
757 3651 997 3712 partibus.
1031 3653 1164 3698 Ean.
1205 3677 1277 3688 ——
1301 3649 1504 3702 seban.

480 3729 644 3777 omisit
660 3765 673 3789 ,
710 3729 991 3778 auctoribus
1009 3728 1115 3777 aliis
1134 3731 1506 3780 msa—Abest

475 3808 591 3858 edd.
621 3810 786 3871 1476,
816 3807 952 3857 Med.
986 3803 1147 3870 1498,
1186 3809 1383 3860 Gruter.

551 3889 599 3936 5.
624 3890 707 3936 Ex
732 3887 907 3952 aliqua
941 3903 995 3934 re
1028 3886 1178 3934 risum
1210 3887 1496 3952 pudentem.

1603 2226 1763 2285 1476,
1783 2224 1922 2273 Med.
1943 2226 2089 2287 1498.
2111 2222 2305 2271 Eadem
2325 2220 2617 2286 prudentem

1595 2318 1688 2369 pro
1707 2303 1828 2368 pud.
1849 2301 1988 2368 qnod
2010 2302 2124 2351 Seh.
2147 2303 2408 2366 vituperat.

1669 2385 1720 2431 6.
1757 2382 2004 2430 Orationis
2045 2380 2378 2430 enuneiandoe.
2417 2377 2616 2430 sehiitz.

1598 2462 1869 2510 «orationis
1899 2461 2146 2510 continua
2169 2483 2211 2510 a.
2241 2462 2321 2510 Sic
2361 2461 2616 2524 rescripsi,

1595 2543 1774 2608 inquit,
1791 2557 1884 2604 pro
1901 2541 2102 2605 vulgato
2123 2540 2454 2598 emendandae,
2479 2539 2618 2602 qnod

1594 2621 1645 2669 h.
1675 2621 1710 2668 l.
1737 2636 1930 2668 sensnm
1961 2620 2272 2668 commodum
2307 2635 2411 2667 nou
2445 2617 2614 2668 habet.

1596 2701 1760 2761 Quum
1799 2701 2103 2748 contentiose
2137 2715 2176 2746 s.
2205 2699 2448 2747 concitate
2487 2697 2616 2745 dici-

1593 2795 1721 2837 mus,
1755 2778 1835 2827 vel
1859 2779 2099 2826 continua
2129 2778 2352 2826 oratione
2383 2776 2615 2834 dicimus,

1592 2857 1670 2904 vel
1695 2856 1996 2906 membratim
2015 2867 2064 2904 et
2085 2855 2269 2906 eaesim.
2290 2855 2422 2902 Illud
2446 2865 2617 2902 auctor

1593 2937 2015 2984 continuationem
2029 2967 2046 2992 ‚
2088 2935 2185 2983 hoe
2221 2933 2616 2982 distributionem

1591 3015 1822 3080 appellat.
1853 3018 2024 3079 Itaque
2055 3025 2222 3078 postea
2253 3014 2304 3061 in
2339 3013 2506 3061 eadem
2534 3029 2614 3073 re,

1593 3109 1637 3143 c.
1672 3102 1732 3150 14
1751 3129 1768 3156 ,
1797 3095 2012 3142 occurrit
2032 3094 2196 3142 verbis
2219 3092 2580 3141 continuandis·-

1670 3190 1718 3233 7.
1735 3171 1899 3224 Distr.
1919 3174 2056 3222 estin
2077 3190 2124 3223 c.
2149 3189 2200 3222 o.
2215 3171 2480 3238 frequens.
2499 3171 2615 3221 Sch.

1595 3251 1910 3302 «distributio
1953 3264 2027 3301 est
2065 3251 2348 3300 concisione
2381 3252 2618 3300 orationis

1597 3331 1825 3397 frequens
1845 3354 1886 3380 ι.
1911 3332 2040 3381 Illud
2059 3367 2075 3395 ,
2103 3331 2290 3395 iuquit,
2322 3332 2396 3378 vis
2417 3331 2618 3396 opponi-

1598 3413 1750 3461 tionis
1799 3413 2022 3476 requirit.
2078 3411 2262 3460 Eodem
2305 3411 2456 3459 modo
2505 3411 2612 3459 Cic.

1597 3493 1768 3542 Pan-tit.
1813 3507 1925 3556 esp.
1972 3493 2005 3540 6
2021 3527 2036 3552 ,
2091 3491 2306 3539 orationi
2351 3489 2616 3554 periodica!

1598 3572 1812 3636 opponit
1849 3591 1872 3614 ι
1896 3572 2226 3620 concisionem
2246 3569 2502 3618 verborum
2517 3591 2560 3618 ι.

1670 3653 1717 3700 8.
1753 3650 1870 3700 Cum
1897 3649 2026 3698 raris
2065 3661 2114 3698 et
2153 3649 2380 3697 brevibus.
2411 3646 2612 3698 Schiitz.

1602 3751 1624 3774 ι
1649 3746 1760 3778 cum
1795 3730 1982 3779 crebris
2007 3743 2058 3779 et
2081 3729 2130 3777 b.
2149 3751 2176 3770 »ι
2207 3727 2380 3787 Baris,
2417 3728 2580 3791 inquit
2601 3761 2617 3786 ,

1590 3825 1790 3874 prorsus
1815 3813 2036 3876 ineptum
2064 3821 2152 3858 est.
2174 3809 2300 3856 Nam
2324 3823 2474 3872 quum
2498 3822 2620 3854 oon·

1591 3891 1797 3938 tentiose
1823 3908 1910 3956 per
1937 3891 2088 3938 incisa
2125 3888 2332 3936 dicimus
2355 3921 2370 3944 ,
2405 3886 2616 3950 plurima

475 3967 575 4016 Pal.
599 3977 760 4031 quart.
795 3977 919 4015 sext.
951 3965 1104 4014 Bmil.
1136 3983 1227 4014 «re
1252 3967 1498 4016 verisimili
1587 3980 1702 4017 suut
1722 3971 1999 4030 intervalla,
2029 3968 2115 4017 sed
2133 3969 2314 4016 brevia.
2335 3965 2480 4014 Conf.
2503 3980 2613 4028 (ηρ.

476 4049 683 4095 risum».
700 4047 799 4108 Qui
818 4044 931 4093 libri
952 4043 1073 4092 nihil
1094 4055 1273 4094 temere
1290 4046 1498 4096 addunt.

475 4125 705 4174 Gaurus.
736 4151 808 4163 -—
838 4124 1100 4174 Verisimili
1122 4124 1261 4174 adest
1302 4127 1353 4174 in
1380 4125 1494 4176 edd.

1595 4066 1612 4096 ι
1627 4058 1653 4104 Ι.
1674 4084 1690 4106 ,
1709 4050 1810 4097 sere
1836 4049 1928 4096 snb
1953 4047 2118 4096 finem.

1661 4145 1710 4191 9.
1743 4125 2019 4176 cohortatio
2050 4137 2119 4174 est
2135 4159 2151 4185 ,
2167 4141 2306 4188 quae.
2333 4123 2446 4172 Sch.
2473 4121 2618 4171 addit
