2982 4682
764 399 889 466 DE
939 397 1546 482 INVENTIONE‚
1595 397 1863 464 LIBER
1913 399 1982 484 1,
2030 422 2142 468 «η.
2381 399 2523 500 319

376 522 711 607 audiunt,
743 521 839 590 ita
875 532 1168 590 tenetur
1198 521 1604 616 negotium,
1633 531 1715 587 ut
1752 532 2002 589 nostra
2031 519 2210 592 nihil
2245 523 2528 596 intersit

378 657 503 705 eos
534 632 673 701 alio
707 644 921 729 pacto
960 628 1245 701 docere.
1289 629 1509 718 Quod
1544 653 1770 726 quum
1813 629 2186 720 acciderit,
2222 639 2526 708 omnino

378 743 793 831 narratione
863 738 1485 839 supersedendum
1551 754 1677 810 est.
1747 743 1914 812 Non
1990 741 2154 812 loco
2221 741 2524 838 dicitur,

376 877 611 950 quum
659 877 809 922 non
860 853 936 921 in
982 876 1065 922 ea
1117 865 1321 948 parte
1367 852 1716 922 orationis
1759 851 2198 939 collocatur,
2255 853 2331 924 in
2383 881 2528 952 qua

378 989 493 1036 res
531 962 889 1061 postulat:
929 987 1079 1060 quo
1140 961 1231 1032 de
1279 985 1544 1058 genere
1591 980 1892 1058 agemus
1937 975 2128 1049 tum,
2165 986 2398 1058 quum
2437 963 2529 1039 de

380 1073 852 1172 dispositione
912 1071 1320 1160 dicemus9;
1373 1094 1544 1141 nam
1581 1070 1747 1158 „hoc
1811 1069 1899 1141 ad
1967 1070 2527 1170 ,dispositionem

379 1186 717 1284 pertinet.
762 1187 928 1256 Non
967 1179 1584 1278 quemadmodum
1622 1205 1832 1252 causa
1875 1182 2239 1278 postulat,
2293 1209 2529 1256 narra-

378 1309 787 1390 tur,·quum
828 1306 955 1362 aut
996 1290 1107 1378 id,
1152 1290 1353 1387 quod
1398 1290 1805 1362 adversario
1844 1290 2176 1388 prodest,
2213 1293 2528 1369 dilucide
2555 1293 2572 1306 ’

378 1420 451 1475 et
496 1418 751 1475 ornate
796 1403 1207 1499 exponitur,
1256 1399 1530 1488 aut·id‚
1576 1400 1776 1499 quod
1824 1403 2062 1499 ipsum
2091 1413 2157 1446 ¹⁰
2206 1403 2527 1500 adjuvat,

376 1513 685 1586 obscure
724 1513 987 1584 dicitur
1028 1527 1095 1581 et
1138 1501 1612 1608 negligenter.
1650 1513 1932 1600 Quare,
1983 1527 2065 1583 ut
2101 1513 2244 1584 hoc
2271 1516 2524 1587 vitium

374 1626 669 1712 vitetur,
716 1624 959 1693 omnia
1012 1621 1423 1719 torquenda
1482 1635 1652 1692 sunt
1710 1621 1804 1692 ad
1861 1623 2328 1695 commodum
2378 1650 2524 1697 suae

378 1757 641 1820 causae,
690 1734 1091 1819 contraria,
1152 1756 1313 1829 quae
1371 1733 1718 1829 praeteriri
1783 1746 2167 1828 poterunt,
2231 1751 2525 1832 praeter-

375 1825 660 1930 eund03
719 1867 881 1940 quac
932 1841 1157 1913 illius
1174 1851 1497 1937 erunt{¹‚
1561 1840 1817 1912 leviter
1870 1842 2330 1940 attingendo,
2394 1872 2525 1918 sua

373 1951 758 2049 diligenter
822 1968 895 2024 et
954 1950 1263 2024 enodate
1332 1950 1711 2022 narrando,
1784 1955 1887 2021 Ac
1955 1952 2046 2024 de
2109 1960 2524 2031 narratione

373 2063 670 2161 quidem
728 2066 895 2135 satis
954 2061 1227 2134 dictum
1282 2060 1606 2148 videtur;
1666 2047 2009 2159 deinceps
2059 2063 2146 2134 ad
2194 2068 2522 2161 partitio-

374 2199 541 2245 nem
578 2188 1050 2245 transeamus,

458 2282 1141 2382 XX11.(xx11.)Recte
1160 2281 1400 2355 habita
1416 2284 1494 2353 in
1512 2305 1722 2355 causa
1737 2283 2060 2381 partitio¹
2077 2281 2428 2357 illustrem
2447 2303 2522 2358 et

373 2396 827 2493 perspicuam
866 2409 1093 2465 totam
1132 2390 1351 2465 efficit
1389 2395 1814 2464 orationem.
1865 2394 2040 2489 Ejus
2076 2408 2315 2491 partes
2355 2395 2516 2467 duae

371 2518 575 2594 sunt,
631 2528 943 2602 quarum
1008 2519 1321 2600 utraque
1390 2526 1832 2600 magnopere
1893 2501 1982 2574 ad
2051 2502 2514 2600 aperiendam

372 2640 696 2699 causam,
722 2630 795 2687 et
832 2614 921 2687 ad
960 2612 1542 2686 constituendam
1576 2615 1892 2711 pertinet
1929 2617 2516 2685 controversiam.

371 2730 533 2797 Una
575 2750 739 2823 pars
778 2740 927 2814 est,
956 2750 1153 2824 quae,
1198 2722 1374 2822 quid
1418 2747 1586 2794 cum
1629 2722 2049 2795 adversariis
2095 2725 2521 2813 conveniat,

374 2848 447 2903 et
488 2835 667 2932 quid
704 2838 781 2906 in
812 2836 1306 2907 controversia
1334 2833 1812 2930 relinquatur,
1845 2830 2206 2903 ostendit:
2247 2858 2334 2903 ex
2373 2858 2520 2930 qua

374 2958 649 3014 certum
679 2944 1025 3042 quiddam
1063 2946 1483 3043 designatur
1521 2941 1878 3028 auditori,
1904 2945 1977 3011 in
2011 2968 2162 3040 quo
2191 2944 2516 3015 animum

440 3181 491 3229 9.
524 3169 681 3231 Quum
718 3167 782 3215 dc
818 3164 1133 3231 disposicione
1158 3165 1393 3215 dicemus.

371 3246 493 3309 Quae
514 3262 625 3310 pars
651 3248 815 3311 operis
838 3262 941 3294 non
966 3256 1139 3297 exstat.
1174 3245 1302 3293 Vide
1333 3246 1397 3293 ad

372 3324 491 3373 lier-
512 3328 585 3373 111
601 3360 615 3383 ,
636 3340 687 3387 9.

448 3418 525 3451 ιο.
556 3404 699 3467 Quod
719 3405 872 3469 ipsam
894 3405 997 3468 adj.
1024 3407 1185 3470 Ipsum
1202 3440 1219 3467 ,
1244 3404 1395 3452 scilic.

370 3490 631 3531 oratorem.
662 3482 777 3531 Sca.
803 3510 871 3519 —
886 3484 1057 3532 hmb.
1074 3482 1248 3548 ipsam.
1270 3481 1393 3531 Lau.

366 3553 599 3623 seipsum.

444 3652 465 3684 1
480 3655 525 3687 1.
548 3640 669 3701 Qeeoe
692 3640 820 3688 illius
844 3652 1003 3689 emat.
1030 3640 1146 3687 Scil.
1170 3639 1394 3689 adversa·-

364 3717 445 3763 rii.
473 3719 543 3765 At
568 3734 623 3767 ea
668 3719 773 3783 ipsa
804 3721 905 3782 jam
940 3718 1228 3767 dicebantur
1264 3734 1388 3767 con-

365 3795 525 3845 traria.
548 3800 659 3846 Jam
700 3797 953 3861 quomodo
980 3809 1109 3846 recte
1157 3798 1347 3847 dicatur
1372 3809 1386 3843 :

366 3875 673 3935 «contraria,
702 3892 812 3939 quae
853 3876 1093 3940 praetetiri
1120 3887 1355 3940 poterunt
1371 3909 1389 3936 ,

364 3954 707 4017 proeteoenndo
722 3992 737 4017 ‚
766 3954 1032 4019 eademque
1050 3956 1295 4004 contraria
1314 3956 1387 4004 le-

364 4032 493 4079 viter
530 4033 817 4098 attingendo
830 4036 853 4081 P
871 4038 895 4077 ι’
923 4035 1095 4097 Itaque
1136 4035 1257 4084 mihi
1284 4052 1393 4101 per-

361 4110 495 4157 suasi
539 4110 822 4159 Ciceronem
868 4109 1079 4159 scrihere
1130 4113 1353 4162 debuisse
1380 4132 1391 4159 :

1487 3166 1710 3227 «Quare,
1737 3174 1794 3211 nt
1819 3164 1917 3211 hoc
1935 3165 2108 3213 vitium
2133 3165 2328 3225 vitetur,
2349 3169 2516 3215 omnia

1486 3242 1758 3307 torquenda
1791 3254 1907 3291 sunt
1945 3243 2009 3291 ad
2054 3244 2368 3293 commodum
2409 3262 2511 3295 ωε

1486 3338 1644 3370 causae
1661 3354 1678 3381 ,
1703 3324 1973 3383 contraria,
2001 3340 2113 3387 qnae
2141 3324 2377 3388 praeteriri
2414 3340 2514 3389 po-

1486 3412 1652 3449 terunt
1667 3438 1682 3461 ,
1700 3404 2045 3466 praetereundo
2058 3439 2073 3462 ,
2103 3420 2214 3468 quae
2237 3403 2400 3453 minus
2416 3421 2514 3470 po-

1487 3492 1678 3539 terunt,
1709 3472 1882 3530 levite'r
1920 3484 2235 3547 attingendo,
2267 3498 2354 3530 sua
2400 3484 2516 3532 dili-

1486 3572 1654 3625 genter
1676 3572 1724 3607 et
1752 3560 1960 3609 enodate
1987 3564 2286 3610 narrando».
2311 3564 2392 3611 Sic
2418 3580 2510 3611 sua

1484 3650 1806 3703 opponuntur
1845 3641 2103 3689 contrariis
2120 3674 2136 3699 ‚
2178 3651 2225 3687 et·
2261 3642 2509 3689 contraria

1482 3716 1562 3765 vel
1589 3719 1792 3765 omnino
1831 3720 2093 3783 preteriri,
2129 3717 2234 3779 vel,
2265 3718 2307 3765 si
2345 3720 2509 3767 minua

1478 3794 1532 3843 id
1563 3794 1666 3843 fieri
1691 3799 1934 3861 potuerit,
1965 3796 2138 3845 leviter
2157 3796 2330 3859 attingi
2358 3812 2507 3861 opor—

1480 3887 1611 3935 tere,
1638 3874 1858 3935 docetur.
1887 3878 2002 3924 Sca.

1551 3956 1722 4004 xxn.
1749 3972 1792 4001 1.
1819 3956 1966 4003 Recte
1992 3952 2106 4002 hab.
2130 3951 2180 4001 in
2208 3970 2256 4003 ο.
2275 3955 2504 4017 partiab-

1480 4038 1597 4083 Her.
1627 4035 1677 4092 1,
1722 4047 1814 4095 ιο,
1845 4031 1930 4079 ubi
1960 4042 2030 4079 est
2059 4031 2256 4081 divisio.
2289 4034 2502 4097 Quintil.

1484 4112 1591 4170 111,
1622 4126 1684 4172 93
1711 4112 1796 4171 IV,
1825 4125 1870 4157 2.
