2982 4682
325 409 532 430 mm
541 407 728 430 „m
733 407 1010 429 mmm
1017 405 1108 428 m
1113 407 1292 428 mm
1297 403 2492 432 mmmwmmmmmm

881 623 2011 732 ARGUMENTUM

419 856 480 922 E
545 855 1049 924 scaUTzu
1114 853 1647 924 EDITIONE
1716 853 2415 926 DESUMPTUM.

346 1063 420 1115 ln
451 1057 569 1114 boc
585 1053 742 1114 libro
763 1067 970 1114 auctor
993 1051 1289 1132 praemissa
1315 1051 1482 1112 brevi
1501 1071 1681 1131 quum
1704 1051 1993 1113 dictorum
2015 1055 2306 1134 superiori
2336 1055 2489 1116 libro

437 1165 562 1211 tum
588 1149 970 1209 dicendorum
998 1169 1253 1223 summa,
1281 1168 1408 1227 cap.
1435 1169 1501 1222 13
1529 1149 1719 1230 pergit
1743 1169 2063 1229 exponere,
2087 1171 2218 1232 quae
2245 1151 2319 1211 ad
2348 1175 2494 1212 con—

433 1246 817 1305 firmationem
853 1259 913 1304 et
938 1245 1395 1305 confutationem
1425 1245 1488 1302 in
1519 1265 1728 1324 genere
1752 1244 2019 1324 judiciali
2050 1248 2383 1327 pertinent;
2414 1251 2495 1308 ita

433 1357 504 1404 ut
527 1343 752 1403 initium
780 1343 954 1410 faciat
979 1342 1259 1412 docendi,
1291 1337 1503 1423 quibus
1522 1341 2120 1423 argumentationibus
2146 1345 2205 1404 in
2234 1366 2495 1426 unaqua-

431 1461 550 1520 que
577 1454 745 1520 parte
769 1439 996 1520 generis
1012 1438 1305 1518 judicialis
1330 1440 1416 1500 uti
1443 1441 1753 1501 conveniat
1771 1485 1791 1516 ,
1819 1461 1951 1520 cap.
1976 1426 2144 1518 2-'17.

511 1543 716 1616 ltaque
752 1539 1029 1616 primum,
1076 1557 1204 1616 cap.
1252 1557 1288 1595 2
1325 1557 1488 1616 seqq.
1526 1536 1602 1597 de
1638 1558 1811 1598 causa
1841 1537 2220 1618 conjecturali
2250 1541 2399 1622 agit3
2432 1556 2493 1601 et

430 1637 710 1714 quoniam
740 1635 913 1713 hujus
943 1633 1372 1696 constitutionis
1397 1655 1499 1694 sex
1530 1649 1726 1714 partes
1753 1646 1924 1714 sunt,
1945 1637 2063 1718 agit
2086 1638 2150 1695 1⁰
2177 1637 2251 1696 dc
2272 1639 2487 1718 proba-

431 1733 570 1805 bili,
591 1753 700 1812 per
729 1731 888 1812 quod
915 1731 1206 1812 probatur
1227 1732 1529 1812 expedisse
1556 1753 1661 1793 reo
1684 1753 1950 1814 peccare,
1964 1748 2023 1793 et
2046 1755 2081 1793 a
2102 1736 2276 1795 simili
2304 1741 2493 1816 turpi-

435 1829 638 1888 tudine
663 1829 960 1888 hominem
987 1849 1304 1908 numquam
1330 1828 1586 1890 abfuisse
1601 1872 1618 1899 ,
1646 1851 1774 1910 cap.
1794 1851 1827 1889 2
1844 1875 1863 1904 ,
1886 1833 1955 1906 33
1983 1829 2051 1890 2⁰
2069 1831 2141 1892 de
2164 1831 2493 1908 collatione,

429 1947 616 2004 quum
651 1939 954 1986 accusator
984 1925 1084 1994 id,
1125 1925 1286 2004 quod
1315 1925 1709 1986 adversarium
1752 1927 1953 1987 fecisse
1982 1929 2353 2004 criminatur,
2396 1933 2495 1990 alii

433 2023 686 2096 nemini,
737 2023 849 2082 nisi
887 2043 989 2082 reo
1007 2065 1026 2095 ‚
1061 2021 1221 2082 bono
1266 2023 1441 2082 fuisse
1481 2022 1874 2097 demonstrat;
1920 2021 1988 2084 3⁰
2020 2025 2094 2083 de
2134 2026 2332 2104 signo,
2387 2048 2495 2106 per

431 2118 596 2199 quod
617 2119 944 2178 ostenditur
967 2118 1179 2178 idonea
1205 2116 1546 2198 perficiendi
1572 2119 1812 2177 facultas
1843 2139 1966 2177 esse
1992 2120 2231 2198 quaesita
2248 2164 2266 2194 ‚
2298 2123 2496 2200 cujus-

433 2217 596 2276 modi
629 2229 766 2276 sunt
809 2218 1000 2286 locus,
1041 2229 1292 2295 tempuS,
1335 2215 1597 2294 spatium
1620 2259 1638 2286 ‚
1672 2216 1929 2285 occasio,
1960 2236 2093 2296 spes
2120 2218 2493 2296 perficiendi,

433 2334 564 2395 spes
589 2310 844 2381 celandi,
868 2331 996 2391 cap.
1023 2307 1172 2384 43'40
1190 2312 1264 2371 de
1283 2325 1623 2393 argumento
1642 2354 1659 2381 ,
1686 2332 1792 2392 per
1814 2312 1976 2392 quod
2002 2333 2134 2373 reus
2160 2316 2497 2396 coarguitur

435 2411 782 2473 certioribus
799 2411 1034 2491 judiciis
1061 2426 1120 2475 ct
1145 2411 1325 2491 magis
1346 2412 1512 2471 firma
1540 2412 1894 2491 suspicione,
1923 2432 2053 2492 cap.
2080 2411 2149 2485 53
2172 2410 2239 2472 50
2262 2412 2336 2473 de
2354 2435 2495 2473 con·

431 2509 806 2588 sequutione,
851 2527 1034 2589 quum
1060 2508 1368 2587 quaeritur,
1407 2529 1536 2588 quae
1582 2509 1743 2589 signa
1778 2510 2041 2569 nocentis
2069 2524 2129 2570 et
2171 2510 2495 2571 innocentis

431 2606 710 2685 consequi
733 2606 982 2679 soleant,
1005 2625 1132 2683 cap.
1157 2606 1227 2674 6;
1252 2606 1322 2663 6⁰
1350 2603 1422 2663 de
1447 2596 1909 2684 approbatione,
1943 2627 2059 2686 qua
2092 2620 2341 2669 utuntur
2360 2629 2493 2668 ora-

435 2718 588 2761 tores
623 2701 695 2760 ad
746 2714 1067 2759 extremum
1091 2700 1443 2759 'confirmata
1482 2701 1831 2779 suspicione.
1880 2702 2333 2781 Approbationis
2376 2706 2489 2764 loci

433 2798 774 2858 dividuntur
799 2798 860 2855 in
888 2798 1048 2855 locos
1075 2796 1380 2875 proprios,
1415 2796 1629 2875 quibus
1654 2798 1764 2857 nisi
1792 2811 2124 2870 accusator,
2156 2814 2212 2859 et
2242 2800 2349 2859 nisi
2380 2801 2489 2860 de-

437 2898 630 2955 fensor
655 2915 826 2953 nemo
855 2906 1049 2974 potest
1077 2892 1162 2951 uti
1181 2934 1200 2965 ,
1239 2906 1298 2952 et
1331 2893 1633 2971 utriusque
1660 2914 2010 2956 communes
2041 2896 2234 2970 Hujus
2260 2900 2489 2974 generis

435 3004 600 3065 sunt,
629 2994 733 3070 qui
761 2991 1066 3062 dicuntur,
1101 3009 1136 3047 a
1179 2988 1452 3061 testibus»,
1506 3002 1711 3048 contra
1758 3002 1963 3061 testes,
2010 3010 2043 3049 a
2071 2990 2490 3069 quaestionibus

435 3090 534 3167 (h.
565 3109 619 3148 e.
665 3088 890 3147 ratione
917 3085 1216 3164 quaerendi
1243 3105 1278 3143 e
1308 3085 1490 3144 servis
1524 3105 1635 3165 per
1666 3085 2030 3166 tormenta),
2076 3101 2283 3147 contra
2324 3108 2488 3167 quse--

435 3187 650 3245 stiones
668 3230 686 3255 ,
709 3185 784 3244 ab
805 3184 1157 3263 argumentis
1175 3226 1194 3259 ‚
1213 3196 1420 3243 contra
1445 3196 1781 3262 argumenta
1796 3226 1813 3256 ,
1836 3203 1873 3242 a
1892 3183 2256 3255 rumoribus,
2282 3198 2487 3245 contra

439 3302 736 3355 rumores,
765 3301 895 3359 cap.
932 3302 986 3353 7.

511 3376 777 3437 Secundo
833 3378 964 3435 loco
1018 3374 1206 3454 agitur
1269 3374 1344 3433 de
1394 3372 1659 3453 partibus
1713 3374 1980 3454 legitimae
2026 3377 2451 3439 constitutionis
2474 3424 2491 3449 ,

435 3496 562 3555 cap.
591 3477 629 3533 8
662 3494 824 3552 seqq.
857 3486 917 3532 et
942 3472 1180 3551 quidem
1209 3470 1273 3529 1⁰
1303 3472 1377 3529 dc
1398 3492 1607 3561 causa,
1648 3472 1711 3531 in
1742 3492 1859 3551 qua
1884 3474 2155 3533 voluntas
2184 3476 2491 3554 scriptoris

435 3592 564 3631 cum
589 3574 809 3649 scripto
840 3569 1120 3629 dissidere
1146 3568 1416 3627 videatur
1432 3611 1449 3641 ,
1476 3588 1603 3647 cap.
1634 3568 1670 3626 8
1687 3612 1705 3641 ,
1725 3589 1797 3645 93
1824 3566 1890 3627 2⁰
1918 3569 1992 3628 de
2014 3568 2241 3629 duabus
2268 3572 2493 3651 legibus
2524 3632 2539 3645 ⁴

435 3670 582 3727 inter
605 3690 668 3727 se
689 3664 1181 3746 discrepantibus,
1206 3685 1335 3743 cap..
1365 3685 1465 3736 103
1491 3662 1559 3729 3⁰
1585 3664 1660 3724 de
1690 3664 1991 3744 ambiguo,
2019 3686 2148 3745 cap.
2183 3688 2207 3725 1
2224 3688 2285 3740 13
2316 3665 2384 3737 4⁰
2414 3669 2490 3727 de

435 3787 606 3825 causa
631 3768 690 3825 in
722 3786 836 3845 qua
867 3764 1202 3825 delinitione
1224 3783 1372 3843 opus
1395 3775 1515 3836 est,
1544 3784 1670 3841 cap.
1694 3784 1799 3838 123
1826 3760 1891 3823 5⁰
1917 3764 1993 3822 de
2016 3765 2493 3825 translationibus

436 3878 496 3922 et
525 3865 596 3923 6⁰
619 3862 694 3922 de
718 3882 895 3923 causa
918 3861 1226 3934 rationali,
1258 3880 1386 3939 cap.
1419 3880 1488 3918 12
1515 3873 1661 3918 extr.

511 3960 865 4039 Tertiogloco
882 3957 956 4016 de
967 3956 1234 4037 partibus
1247 3954 1589 4035 juridicialis
1602 3956 2026 4017 constitutionis
2047 3958 2254 4036 agitur,
2281 3986 2405 4045 rap.
2422 3968 2492 4026 13

433 4076 591 4135 seqq.
625 4056 727 4117 nbi
757 4056 1013 4134 primum
1055 4052 1316 4113 absoluta
1351 4064 1673 4131 spectatur,
1701 4052 1761 4110 in
1799 4072 1913 4130 qua
1944 4074 2077 4113 reus
2117 4056 2297 4133 ipsam
2336 4081 2456 4121 rem
2478 4108 2495 4134 ‚
