2982 4682
491 349 632 430 204
1175 347 1274 416 M.
1327 349 1406 414 T.
1458 348 1948 416 CICERONIS

493 457 766 530 fectum
807 483 960 530 esse
989 457 1247 547 debet3
1295 474 1366 530 et
1402 485 1633 556 quum
1678 459 2139 531 commodum
2194 473 2301 532 est
2338 458 2628 546 auditu,

489 583 791 667 propter
817 567 1108 640 brevem
1136 584 1207 638 et
1233 568 1632 640 absolutam
1659 569 2199 642 conclusionem
2223 595 2244 655 ;
2274 582 2427 640 tum
2457 593 2629 640 vero

489 679 956 750 vehementer
999 679 1110 764 id,
1162 679 1364 776 quod
1423 705 1613 776 opus
1662 696 1770 751 est
1832 681 2135 765 oratori,
2200 677 2627 777 comprobat

491 791 846 860 contraria
875 813 953 859 re
977 843 996 876 ‚
1032 806 1106 861 et
1131 815 1219 860 ex
1249 815 1374 877 e0‚
1409 791 1611 887 quod
1635 790 1939 862 dubium
1978 815 2129 861 non
2166 804 2304 873 est,
2338 789 2627 887 expedit

493 898 668 970 illud
694 953 713 984 ,
751 899 950 996 quod
987 896 1292 970 dubium
1331 915 1470 985 est,
1512 915 1595 971 ut
1632 915 1757 971 aut
1797 899 1971 972 dilui
2018 924 2169 970 non
2204 900 2466 996 possit,
2502 913 2628 968 aut

491 1009 722 1078 multo
766 1006 1182 1082 difficillime
1226 1011 1469 1104 possit.

588 1122 772 1190 XIX.
797 1119 1432 1214 (x1x.)Membrum
1472 1121 1844 1190 orationis¹
1882 1118 2285 1217 appellatur
2316 1141 2431 1187 res
2467 1115 2623 1187 bre-

491 1229 675 1320 viter
710 1227 1037 1299 absoluta
1085 1231 1238 1300 sine
1284 1230 1507 1300 totius
1552 1231 1922 1300 sententia·
1968 1228 2628 1310 demonstratione,

491 1363 655 1435 quae
679 1338 923 1408 denuo
937 1339 1075 1410 alio
1095 1337 1428 1410 membro
1451 1340 1799 1410 orationis
1820 1340 2195 1436 excipitur,
2212 1337 2354 1408 hoc
2374 1332 2623 1406 modo:

483 1475 516 1510 α
543 1450 633 1516 Et
659 1448 952 1518 inimico
982 1447 1322 1545 proderas
1336 1475 1411 1535 »3
1441 1447 1514 1518 id
1546 1463 1652 1519 est
1684 1473 1911 1518 unum
1935 1501 1955 1533 ,
1988 1447 2189 1544 quod
2220 1446 2629 1544 appellatur

497 1555 904 1627 membrum
938 1584 953 1625 :
991 1557 1254 1628 deinde
1295 1558 1435 1629 hoc
1472 1559 1869 1655 excipiatur
1905 1572 2195 1656 oportet
2234 1556 2326 1626 ab
2368 1555 2625 1637 alteru,

492 1697 526 1732 «
557 1673 645 1738 Et
671 1672 979 1740 amicum
1019 1668 1324 1741 laedehas
1343 1700 1397 1739 ».
1435 1673 1541 1740 Ex
1572 1667 1862 1740 duobus
1896 1667 2242 1738 membris
2262 1677 2290 1708 ²
2326 1665 2477 1736 haec
2504 1691 2624 1736 ex-

495 1780 780 1848 ornatio
819 1793 1060 1877 potest
1095 1799 1460 1878 constare:
1500 1778 1625 1852 sed
1647 1777 2223 1850 commodissima
2248 1791 2321 1874 et
2338 1775 2627 1847 ahsolu-

489 1889 761 1960 tissima
811 1903 956 1974 est,
1001 1913 1164 1986 quae
1213 1915 1304 1959 ex
1351 1888 1587 1960 tribus
1636 1901 1959 1974 constat,
1996 1887 2137 1958 hoc
2174 1902 2432 1984 pacto:
2478 1916 2511 1950 α
2542 1889 2631 1955 Et

487 1999 782 2070 inimico
813 1999 1190 2096 proderas,
1219 2013 1290 2069 et
1313 2001 1625 2070 amicum
1654 1998 1993 2084 laedebaS,
2030 2013 2102 2068 et
2139 1996 2269 2066 tibi
2301 1997 2439 2091 ipsi
2475 2019 2625 2066 non

490 2099 982 2180 consulebas».
1029 2113 1246 2197 Item,
1289 2139 1322 2174 ιε
1352 2115 1505 2181 Nec
1539 2109 1956 2207 reipublicae
1990 2107 2448 2193 consuluisti,
2490 2123 2628 2176 nec

491 2221 736 2290 amicis
775 2216 1148 2317 profuisti,
1187 2244 1322 2290 nec
1367 2222 1673 2290 inimicis
1710 2221 2099 2291 restitisti».

581 2329 946 2400 Articulus
993 2325 1290 2415 dicitur,
1329 2356 1558 2427 quum
1619 2330 1899 2429 singula
1954 2328 2169 2402 verba
2231 2325 2626 2399 intervallis

487 2440 1032 2539 distinguuntur
1069 2464 1240 2511 caesa
1279 2444 1643 2529 oratione,
1673 2439 2094 2513 hocmodo:
2116 2470 2149 2503 α
2177 2438 2583 2535 Acrimonia
2608 2490 2629 2515 ..

485 2574 662 2621 voce
685 2604 704 2636 ,
745 2550 948 2621 vultu
983 2550 1420 2622 adversarios
1441 2553 1891 2650 pez-terruisti
1910 2582 1961 2623 ».
1990 2557 2171 2623 Item
2193 2605 2213 2634 ,
2238 2550 2626 2620 «Inimicos

491 2660 799 2747 invidia,
833 2654 1198 2755 injuriis³‚
1235 2664 1595 2759 potentia,
1628 2660 1926 2761 perfidia
1962 2660 2385 2732 sustulisti».
2425 2662 2626 2727 Inter

485 2829 594 2881 scil.
621 2831 670 2879 in
709 2830 976 2892 tali-forma
1001 2841 1089 2881 est.
1117 2832 1244 2880 Eun.
1288 2858 1356 2868 —
1399 2830 1511 2885 Sela,
1605 2832 1935 2899 vocamus-les
1964 2830 2193 2877 membres
2221 2829 2283 2875 de
2298 2826 2368 2893 ΧΙιι
2388 2825 2619 2889 pet-iude,-

488 2932 514 2951 κ
532 2909 762 2958 brevibus
799 2920 848 2959 et
885 2910 1185 2959 continuatis
1219 2910 1451 2959 membris
1465 2932 1512 2959 a.
1602 2911 1690 2959 sed
1714 2911 1935 2959 concisas
1956 2908 2189 2957 untionis
2214 2905 2471 2971 particulas
2495 2904 2625 2953 inter

487 2990 572 3037 Sie
613 2990 942 3047 correximus,
983 2990 1174 3053 inquit,
1213 2990 1466 3053 vulgatum
1497 3024 1511 3048 ‚
1600 3006 1655 3039 se
1674 3006 1773 3038 non
1804 2989 1955 3042 modo
1976 3002 2252 3043 connexu,
2291 2996 2349 3033 ut
2381 2986 2433 3031 in
2462 2984 2627 3048 perio·

465 3066 627 3130 'quod
649 3078 722 3115 est
743 3066 982 3115 absonum
1004 3078 1052 3115 et
1075 3068 1313 3132 ineptum.
1604 3068 1679 3117 dis
1693 3104 1709 3129 ,
1728 3068 1813 3117 sed
1834 3068 1985 3117 veluti
2011 3067 2333 3124 colludentes,
2342 3074 2395 3112 ut
2416 3064 2469 3110 iu
2490 3064 2621 3111 anti·

557 3147 702 3193 xlx.
722 3160 766 3192 1.
786 3145 1046 3193 Heenbnms
1065 3146 1317 3195 oracionis.
1335 3148 1513 3195 Exem-
1601 3148 1762 3197 thetis.
1798 3150 1924 3212 Qua
1962 3148 2030 3205 si,
2066 3158 2123 3195 ut
2160 3145 2230 3194 sit
2264 3144 2389 3191 infra
2426 3142 2623 3199 Noster,

486 3225 567 3287 pls
595 3222 740 3287 longe
765 3224 974 3289 plurima
1007 3241 1158 3288 enque
1191 3226 1511 3275 illustrissima
1602 3239 1827 3277 constent
1860 3244 1922 3275 ex
1958 3228 2064 3291 pari
2100 3226 2199 3273 fere
2237 3238 2440 3271 numero
2473 3221 2623 3285 sylla-

483 3304 800 3367 suppedit-m
819 3304 964 3352 nobis
981 3304 1152 3367 psalmi
1175 3305 1509 3363 Hebraeorum,
1599 3308 1786 3363 barum,
1808 3322 2007 3371 eompar-
2024 3304 2343 3369 appellantur.
2359 3304 2473 3349 Duo
2492 3312 2624 3349 certe

485 3383 538 3429 in
565 3382 744 3445 quibus
767 3382 1072 3447 explicandis
1097 3383 1341 3446 egregium
1367 3384 1510 3432 simul
1597 3398 1681 3436 sut
1700 3389 1790 3435 tris
1818 3388 1957 3435 istius
1976 3384 2113 3433 modi
2130 3382 2343 3430 membra
2364 3381 2621 3444 periodu-

487 3464 820 3525 adjumentum
851 3464 1038 3528 prabet
1069 3464 1324 3525 interpreti
1348 3463 1509 3527 parat-
1598 3466 1893 3526 conficiunt3
1913 3466 2009 3513 illis
2025 3476 2185 3511 autem
2202 3470 2423 3508 constare
2444 3475 2614 3507 omnes

489 3544 704 3591 lelismun
763 3542 1106 3591 membrorum.
1171 3544 1245 3589 De
1285 3558 1336 3589 re
1375 3542 1507 3589 conf.
1598 3546 1829 3609 periodos
1850 3561 1951 3592 non
1972 3558 2139 3591 verum
2160 3539 2369 3587 videtur.

485 3622 697 3687 Quintil.
721 3622 798 3669 IX
812 3656 826 3677 ς
859 3622 887 3669 3
907 3656 924 3679 ,
961 3622 1026 3669 td
1049 3620 1226 3682 finem,
1249 3622 1336 3685 qui
1361 3634 1508 3668 mem·
1670 3642 1719 3674 ο.
1743 3626 1828 3671 Ex
1851 3622 2035 3670 duobus
2056 3618 2289 3667 membris.
2312 3616 2419 3664 Suis
2435 3616 2619 3665 adden·

481 3704 630 3752 brom
649 3703 839 3749 schema
858 3718 960 3751 esse
979 3713 1149 3766 negs13
1169 3712 1218 3749 et
1235 3701 1342 3751 Cic.
1362 3700 1503 3749 om.
1596 3702 1713 3753 dum
1750 3712 1914 3751 censet
1942 3698 2073 3748 Oud.
2099 3696 2387 3745 sueton-itate
2423 3696 2548 3744 MSS
2574 3704 2623 3741 et

485 3785 552 3831 62
577 3800 590 3832 ε
617 3783 778 3845 «Qua
813 3782 998 3839 Graeei,
1041 3782 1200 3845 inquit
1219 3814 1234 3840 ,
1255 3783 1391 3829 κῶλα.
1417 3794 1507 3827 uo-
1538 3784 1543 3789 ’
1593 3780 1707 3829 edd.
1734 3798 1811 3846 pr.
1838 3782 1956 3829 Seu.

487 3864 702 3921 minant,
727 3877 820 3909 nos
841 3874 972 3911 recte
995 3860 1210 3909 membra
1229 3859 1445 3907 dicemus
1459 3880 1504 3917 -,
1664 3862 1715 3910 ³.
1734 3863 1817 3911 In.
1834 3858 2039 3915 invidia,
2066 3854 2273 3919 injuriis,
2292 3864 2391 3902 etc.
2412 3852 2623 3909 Inve'dia,

485 3944 628 4002 cnjus
663 3939 782 3987 dieti
809 3940 1086 4004 exemplum
1111 3939 1254 3987 affert
1280 3953 1388 4001 esp.
1415 3938 1502 3998 67.
1592 3938 1645 3987 in
1670 3954 1817 4003 quam
1846 3938 1956 3985 illos
1978 3934 2255 3991 adduxisti;
2280 3932 2493 3999 injuriis,
2509 3932 2617 3995 qui-

481 4026 650 4070 Wrrz.
671 4046 740 4057 --
761 4020 872 4066 Hoc
897 4020 1094 4067 nomine
1113 4020 1312 4066 Veteres
1333 4032 1432 4064 non
1450 4017 1505 4064 id
1591 4018 1685 4065 bus
1712 4032 1797 4065 eos
1818 4016 2021 4065 affecisti
2036 4013 2287 4079 ςροεοηεία
2300 4045 2317 4070 ,
2346 4028 2462 4075 qus,
2492 4010 2619 4057 mul-

477 4100 745 4162 inte‘lligere
769 4098 884 4146 mihi
915 4098 1146 4147 videntur
1173 4097 1309 4163 quod
1330 4096 1503 4161 gallice
1594 4106 1695 4144 tum
1718 4094 1852 4159 'apud
1878 4094 2041 4158 plures
2062 4091 2251 4157 pollens
2272 4091 2402 4155 ipse,
2427 4102 2511 4137 eos
2534 4104 2616 4135 ve·
