2982 4682
399 443 1869 466 mmmmmmmmmmmw-
1875 444 2422 466 mmm
2431 445 2520 466 m

805 652 941 754 M.
1004 653 1117 792 Τ.
1188 651 2101 760 clcERole
2187 667 2194 692 ²

403 888 2526 1074 RHETORICORUM‚

1377 1187 1542 1244 SEU

480 1375 664 1480 DE
720 1373 867 1475 ΙΝ
868 1371 1231 1476 VENT
1235 1372 1572 1477 IONE
1629 1369 2421 1474 RHETORICA
2437 1451 2462 1497 ‚

934 1605 1286 1684 LIBER
1353 1605 2008 1688 SECUNDUS.

406 1953 459 2020 1.
471 1948 585 2047 (1)
603 1897 1133 2023 CROTOMATAE
1175 1946 1549 2046 quondam
1575 1997 1596 2035 ‚
1636 1972 1867 2046 quum
1921 1946 2266 2018 florerent
2305 1953 2532 2020 omni·

402 2057 546 2132 bus
572 2061 801 2159 copiis
820 2111 841 2148 ‚
878 2076 954 2132 et
982 2062 1060 2131 in
1079 2057 1279 2131 Italia
1300 2083 1534 2156 quum
1569 2059 1646 2129 in
1679 2058 1930 2157 primis
1953 2067 1976 2100 ¹
2017 2056 2210 2129 beati
2227 2067 2256 2100 ²
2281 2084 2528 2130 nume-

402 2185 759 2255 rarentur,
777 2171 1129 2270 templum
1153 2169 1495 2258 sunonis,
1535 2167 1738 2266 quod
1783 2169 2309 2266 religiosissime
2345 2170 2532 2240 cole-

406 2279 619 2372 bant,
669 2282 967 2379 egregiis
1016 2281 1315 2382 picturis
1358 2279 1800 2379 locupletare
1835 2279 2246 2351 voluerunt.
2279 2281 2531 2375 Itaque

408 2392 905 2477 Heracleotem
942 2394 1240 2463 Zeuxim
1257 2382 1314 2480 3,
1334 2394 1463 2488 qui
1495 2405 1650 2462 tum
1667 2390 1884 2487 longe
1905 2391 2158 2461 ceteris
2183 2386 2530 2459 excellere

409 2498 810 2599 pictoribus
860 2500 1436 2589 existimabatur,
1482 2525 1752 2601 magno
1801 2502 2037 2598 pretio
2090 2494 2534 2570 conductum

410 2609 924 2684 adhibuerunt.
958 2618 1027 2684 Is
1056 2627 1129 2683 et
1158 2627 1429 2684 ceteras
1476 2612 1890 2709 complures
1931 2608 2208 2682 tabulas
2262 2609 2534 2706 pinxit,

410 2742 719 2820 quarum
771 2722 1125 2795 nonnulla
1162 2745 1325 2822 pars
1344 2741 1584 2819 ‘usque
1621 2720 1712 2793 ad
1756 2734 2076 2792 nostram
2113 2721 2536 2791 memoriam

413 2846 715 2929 propter
733 2828 878 2903 fani
898 2833 1327 2929 religionem
1352 2834 1696 2903 remansit
1711 2830 1744 2886 ⁴
1771 2858 1786 2900 :
1815 2845 1920 2916 et,
1955 2845 2038 2900 ut
2063 2829 2536 2901 excellentem

412 2940 785 3014 muliebris
823 2940 1073 3013 formae
1102 2941 1720 3039 pulchritudinem
1761 2954 1958 3012 muta
1999 2942 2090 3009 in·
2113 2962 2267 3010 sese
2303 2942 2540 3035 imago

422 3052 1154 3141 contineret,Helenae
1179 3077 1254 3124 se
1284 3054 1582 3151 pingere
1619 3050 2078 3122 simulacrum
2099 3050 2280 3121 velle
2298 3036 2536 3121 ⁵dixit.

482 3244 523 3291 1.
548 3258 593 3292 ι.
617 3244 679 3306 Q.
704 3242 757 3291 in
788 3240 977 3308 primis.
1007 3263 1034 3284 α
1052 3242 1221 3305 Quum
1246 3244 1301 3291 in
1328 3244 1431 3307 pri-

412 3322 531 3370 mia·
548 3322 716 3371 multae
728 3321 912 3371 hahent
928 3321 1043 3371 edd.
1066 3331 1123 3370 ut
1138 3322 1266 3371 inter
1282 3338 1435 3387 nupe-

413 3415 489 3447 ran
509 3396 707 3449 Lallem.
729 3413 777 3451 et
800 3401 977 3451 Olivet.
996 3400 1217 3449 Lambin.
1240 3422 1263 3444 ι
1280 3416 1433 3465 quum

412 3478 581 3543 primia
598 3501 623 3523 .
651 3479 806 3529 edidit
840 3496 869 3529 e
905 3481 997 3529 Ms
1014 3514 1031 3541 ,
1066 3480 1215 3544 idque
1242 3480 1434 3529 Ernesti

414 3558 669 3621 probavit,
694 3558 811 3623 quia
836 3560 1065 3624 repetitio
1090 3564 1173 3609 τοῦ
1200 3576 1351 3624 quum
1378 3558 1431 3607 in

416 3636 503 3685 tali
520 3638 797 3687 narratione
816 3638 1081 3687 admodum
1100 3638 1289 3703 frigeat.
1307 3639 1429 3689 Sca.

484 3732 533 3767 a.
562 3717 735 3776 Beati,
776 3718 968 3767 divitas.
1004 3718 1186 3767 Confer
1220 3719 1433 3769 indicem

415 3796 625 3846 'Horatii-

488 3872 541 3920 3.
570 3874 796 3926 Zeuxim.
832 3876 988 3936 Quem
1028 3876 1215 3925 Plinius
1243 3876 1432 3941 olymp.

416 3950 505 4013 95,
524 3966 658 4001 anno
684 3960 739 4009 4,
768 3952 822 4000 id
846 3964 947 4015 eat,
977 3971 1107 4004 anno
1129 3956 1279 4004 urhis
1314 3972 1431 4004 con-

418 4029 533 4078 ditae
560 4030 661 4079 358
688 4029 908 4079 flou-uim
940 4032 1087 4093 dicit,
1130 4050 1223 4100 pro
1251 4036 1433 4085 Croto-

420 4108 563 4159 niati·
592 4108 936 4175 Agrigentinos
961 4112 1285 4176 nubatituena,
1306 4130 1429 4163 rem-

1521 3258 1617 3307 que
1655 3244 1724 3291 ita
1767 3258 2002 3293 nari-anu
2045 3266 2072 3286 ιι
2090 3253 2272 3291 tantus-
2292 3242 2542 3307 diligentia

1519 3324 1616 3373 suit
1629 3354 1645 3385 ,
1679 3334 1736 3373 ut
1778 3324 1994 3373 fictum
2029 3323 2364 3389 Agrigontini·
2403 3321 2543 3371 tabu·
2634 3344 2640 3353 ·

1521 3403 1644 3465 lam,
1680 3418 1830 3467 quam
1869 3404 1922 3451 in
1950 3402 2133 3467 templo
2159 3402 2374 3451 Junonia
2410 3401 2546 3451 Laci-

1523 3486 1616 3533 nioe
1641 3484 1839 3547 publice
1865 3482 2084 3531 dicarent
2099 3516 2114 3541 ,
2155 3481 2425 3546 inspexerit
2447 3480 2546 3527 vir-

1523 3562 1661 3627 ginea
1683 3576 1852 3609 eorum
1876 3561 2033 3609 nudas
2064 3570 2116 3607 et
2151 3561 2370 3623 quinque
2397 3558 2550 3621 elege-

1520 3641 1584 3687 rit
1597 3672 1612 3699 ,
1631 3649 1714 3697 ut,
1729 3639 1868 3703 quod
1883 3639 1934 3687 in
1953 3654 2144 3702 quaque
2161 3638 2548 3687 laudatissimum

1523 3729 1647 3767 esset
1659 3752 1676 3779 ,
1703 3720 1892 3783 pictura
1912 3717 2136 3767 redderet
2152 3739 2195 3766 ιι.
2211 3719 2386 3766 Wrrz.

1597 3807 1648 3853 4.
1673 3796 1940 3847 Romamie.
1965 3796 2238 3843 Pet-mansit
2261 3795 2394 3855 conj.
2414 3796 2550 3841 Inm-

1527 3877 1632 3925 hin.
1653 3879 1766 3927 Sca.

1595 3958 1648 4007 5.
1691 3958 1752 4004 Se
1787 3956 1996 4021 pingere
2042 3950 2354 4001 tinnulam-um
2397 3952 2544 4003 velle.

1524 4035 1770 4099 «Pingere
1815 4032 2126 4081 simulacrum
2174 4028 2300 4078 velle
2339 4048 2426 4079 se·
2461 4032 2554 4081 lus

1520 4114 1704 4163 Alton-s.
1730 4116 1845 4163 Seu.
