2982 4682
809 640 1229 767 ARGU
1250 642 1928 765 MENTUM

562 902 618 969 E
668 899 1087 969 scnu'rzu
1136 898 1574 969 EomoNE
1621 880 2213 969 DESUMPT'UM.

321 1085 593 1165 Cupienti
630 1082 909 1143 Trebatio
944 1083 1169 1163 Topica
1196 1085 1548 1143 Aristotelea
1585 1103 1966 1163 cognoscere,
2006 1084 2211 1145 Cicero
2251 1084 2312 1143 in
2345 1086 2458 1145 hoc

399 1179 551 1239 libro
580 1193 1053 1258 argumentorum
1081 1181 1246 1239 locos
1275 1181 1542 1258 exponit,
1575 1180 1947 1259 singulosque
1977 1183 2227 1259 primum
2257 1202 2458 1242 exem-

400 1278 512 1355 plis
544 1276 803 1337 breviter
830 1278 1111 1348 illustrat,
1144 1277 1355 1337 deinde
1382 1278 1564 1337 fusius
1591 1278 1860 1355 explicat.

473 1380 611 1435 Post
637 1375 1033 1455 praefationem
1058 1374 1253 1452 igitur,
1281 1393 1409 1453 cap.
1431 1395 1484 1443 1,
1517 1375 1794 1452 quoniam
1827 1376 2122 1445 locorum,
2153 1378 2216 1435 in
2244 1376 2458 1454 quibus

398 1488 735 1553 argumenta
761 1474 981 1532 inclusa
1006 1486 1169 1545 sunt,
1198 1473 1295 1531 alii
1324 1474 1387 1531 in
1412 1492 1485 1531 eo
1513 1474 1674 1552 ipso,
1701 1472 1778 1531 de
1807 1494 1930 1551 quo
1963 1475 2171 1551 agitur,
2195 1475 2460 1547 haerent3

400 1571 501 1629 alii
544 1582 915 1629 assumuntur
958 1569 1345 1643 extrinsecus,
1390 1568 1475 1627 illi
1522 1568 1780 1647 primum
1821 1567 2080 1629 breviter
2119 1588 2465 1631 enumeran-

402 1680 516 1736 tur,
548 1686 674 1743 cap.
706 1674 832 1735 ²·4·

482 1760 706 1821 Deinde
746 1780 847 1819 eos
887 1762 1091 1821 Cicero
1132 1759 1399 1820 subtilius
1436 1758 1790 1839 uberiusque
1825 1774 2172 1839 pertractat,
2224 1775 2284 1821 et
2325 1763 2457 1841 pri-

402 1878 558 1917 mum
586 1878 685 1917 eos
716 1858 1103 1936 persequitur,
1129 1846 1231 1934 qui
1260 1876 1331 1915 ex
1360 1876 1425 1915 re
1452 1868 1574 1915 tota
1601 1869 1928 1928 sumuntur,
1951 1857 2213 1918 adhibita
2236 1861 2331 1918 vel
2360 1860 2463 1918 de-

400 1958 693 2027 finitione,
737 1975 862 2034 cap.
906 1956 1039 2027 5-73
1084 1955 1172 2012 vel
1204 1954 1551 2032 partitione,
1593 1974 1720 2033 cap.
1755 1954 1820 2025 83
1853 1954 1944 2013 vel
1989 1957 2316 2029 notatione,
2361 1977 2465 2016 seu

402 2054 781 2131 etymologia,
816 2072 943 2129 cap.
988 2072 1042 2127 9.
1089 2050 1312 2108 Deinde
1350 2070 1478 2123 eos,
1520 2050 1623 2128 qui
1663 2064 1974 2110 sumuntur
2020 2072 2092 2110 ex
2135 2053 2205 2111 iis
2248 2052 2460 2126 rebus,

401 2172 531 2229 quae
557 2146 1013 2229 ·quodammodo
1060 2146 1285 2205 assectae
1330 2159 1465 2204 sunt
1509 2146 1584 2204 ad
1619 2147 1678 2205 id
1723 2146 1796 2205 de
1838 2166 1956 2225 quo
1998 2146 2330 2225 ambigitur,
2361 2150 2466 2227 qui

402 2261 571 2306 sunt:
614 2246 675 2303 1⁰
707 2268 781 2304 ex
808 2244 1254 2323 conjugatione,
1282 2263 1412 2321 cap.
1442 2263 1540 2316 103
1571 2240 1638 2301 2⁰
1664 2264 1738 2301 ex
1765 2243 2177 2316 similitudine,
2209 2261 2335 2323 cap.
2362 2266 2462 2320 ¹13

405 2344 474 2404 3⁰
502 2367 575 2404 ex
599 2344 929 2403 differentia
954 2355 1015 2401 et
1042 2343 1382 2415 contrariis,
1426 2361 1555 2421 cap.
1581 2361 1684 2412 ης
1719 2338 1788 2410 4⁰
1811 2361 1882 2400 ex
1915 2340 2229 2420 adjunctis,
2272 2363 2326 2401 c.
2356 2344 2461 2416 ¹33

406 2442 472 2502 5⁰
492 2465 563 2502 ex
587 2439 1073 2521 consequentibus
1094 2453 1153 2499 et
1179 2439 1661 2498 antecedentibus
1685 2453 1744 2497 et
1773 2439 2258 2519 repugnantibus,
2284 2461 2332 2498 c.
2359 2450 2458 2510 ¹4³

406 2541 474 2598 6⁰
496 2560 569 2598 ex
596 2539 809 2611 causis,
834 2559 885 2596 c.
917 2539 1008 2608 15,
1045 2539 1146 2608 163
1178 2547 1238 2609 7⁰
1261 2556 1333 2594 ex
1361 2535 1606 2607 effectis,
1622 2555 1668 2593 c.
1703 2556 1805 2609 173
1841 2533 1910 2594 8⁰
1930 2557 2004 2593 ex
2030 2535 2464 2615 comparatione

405 2634 687 2713 majorum
705 2678 722 2706 ,
746 2634 1059 2699 minorum,
1084 2632 1344 2710 parium,
1368 2649 1491 2708 cap.
1527 2630 1612 2687 18.
1646 2630 1922 2707 Sequitur
1949 2630 2264 2709 disputatio
2292 2631 2366 2690 de
2393 2632 2464 2706 iis

405 2742 879 2810 argumentorum
920 2728 1095 2801 locis,
1139 2727 1243 2804 qui
1288 2737 1663 2784 assumuntur
1689 2727 2052 2787 extrinsecus
2091 2727 2165 2785 ad
2198 2748 2461 2802 causam,

404 2849 536 2906 quae
564 2829 767 2886 Cicero
791 2825 1047 2904 generali
1074 2825 1305 2884 nomine
1332 2827 1654 2881 testimonia
1683 2824 1970 2902 appellat,
2001 2845 2126 2903 cap.
2156 2846 2246 2902 19.

485 2925 779 3002 Expositis
803 2924 979 2999 igitur
1001 2921 1445 3000 argumentandi
1468 2919 1612 2978 locis
1641 2922 1846 2979 Cicero
1878 2920 2078 2992 docet,
2113 2943 2229 2980 non
2259 2942 2461 2983 omnes

408 3021 565 3078 locos
594 3021 652 3076 in
683 3037 911 3076 omnem
940 3017 1196 3075 incidere
1224 3018 1636 3096 quaestionem,
1673 3017 1772 3074 sed
1806 3016 2462 3097 quibusdamfluaestio-

408 3114 579 3174 nibus
621 3115 764 3173 alios
802 3133 926 3172 esse
972 3113 1227 3191 aptiores
1270 3115 1448 3172 locos.
1497 3112 1898 3186 Quaestionum
1933 3127 2127 3173 autem
2170 3115 2291 3175 duo
2328 3130 2464 3176 sunt

409 3231 656 3290 genera:

488 3365 533 3419 1.
562 3360 889 3431 Infinitum,
918 3379 962 3416 s.
985 3357 1386 3436 propositum,
1406 3355 1570 3436 quod
1604 3370 1692 3416 est

574 3475 637 3534 1⁰
674 3473 1075 3553 Cognitionis,
1113 3491 1241 3549 cap.
1267 3489 1375 3544 203
1420 3470 1479 3528 in
1512 3492 1631 3550 quo

647 3615 699 3648 α.
721 3586 1067 3664 Conjectura
1090 3605 1163 3644 an
1188 3585 1293 3660 sit,
1324 3585 1608 3662 quaeritur
1639 3597 1698 3643 et
1727 3585 1960 3663 quidem
1983 3608 1997 3642 :
2029 3585 2177 3645 sitne
2211 3589 2461 3666 aliquid,

570 3686 727 3742 unde
774 3697 969 3742 ortum
1017 3683 1125 3753 sit3
1172 3703 1301 3761 quae
1338 3701 1512 3740 eausa
1553 3681 1615 3740 id
1659 3682 1950 3754 effecerit3
2000 3701 2074 3741 an
2119 3686 2465 3748 commutari

566 3793 767 3858 possit.

654 3905 704 3968 β.
743 3893 899 3967 Quid
932 3893 1036 3962 sit,
1079 3891 1447 3965 definitione,
1478 3890 1578 3951 ubi
1610 3892 1936 3971 explicatur
1962 3893 2153 3967 notio,
2194 3897 2470 3973 proprie—

573 4005 689 4060 tas,
721 3989 963 4059 divisio,
1000 3991 1239 4068 partitio
1258 4035 1275 4062 ,
1304 3989 1638 4069 descriptio.

655 4133 706 4184 γ.
736 4105 923 4178 Quale
952 4105 1059 4176 sit,
1100 4103 1251 4182 juris
1292 4117 1350 4163 et
1386 4104 1612 4182 injuria
1651 4103 2041 4162 distinctione.
2077 4105 2187 4163 Hic
2219 4105 2312 4164 vel
2341 4105 2479 4166 sim-

532 4205 586 4270 Ῑ.
644 4217 735 4263 θέε.
760 4231 873 4279 pars
892 4217 1061 4277 pn'ma.
2151 4201 2239 4274 33
