2982 4682
770 359 892 430 DE
941 355 1553 442 INVENTIONE,
1603 351 1866 424 Lmen
1916 358 1982 442 1,
2038 353 2150 426 36.
2393 355 2532 454 349

400 491 723 558 Socrates
748 497 821 554 et
842 478 1181 552 Socratici
1217 467 1750 552 tractaverunt3
1785 504 1799 546 :
1829 477 1931 547 sic
1965 475 2106 547 hoc
2126 531 2146 566 ,
2168 479 2366 576 quod
2399 503 2529 576 per

400 593 1020 668 ratiocinationem
1057 587 1455 686 expolitur,
1495 609 1773 657 summe
1814 600 1922 657 est
1951 585 2042 657 ab
2077 591 2456 662 Aristotele
2471 595 2528 678 ⁴,

400 720 617 802 atque
666 729 709 774 a
744 699 1266 799 peripateticiS,
1314 710 1387 766 et
1418 695 1918 794 Theophrasto
1955 693 2526 793 frequentatum;

404 811 664 886 deinde
702 837 743 881 a
778 805 1197 881 rhetoribus
1242 806 1369 892 iis,
1396 805 1524 902 qui
1569 803 2066 900 elegantissimi
2110 820 2328 903 atque
2364 813 2530 880 arti·

406 921 829 996 ficiosissimi
864 921 1093 1016 putati
1134 930 1325 987 suut.
1366 917 1886 1004 Quare-autem
1915 915 2128 990 nobis
2155 917 2272 990 illa
2303 923 2528 1017 magis

407 1034 697 1132 partitio
747 1027 1121 1128 probetur,
1171 1023 1558 1095 dicendum
1597 1022 1907 1113 videtur,
1946 1049 2043 1096 ne
2095 1041 2366 1099 temere
2417 1054 2531 1101 se-

360 1139 369 1147 ’
408 1146 616 1241 quuti
662 1154 1037 1240 putemur;
1074 1150 1147 1207 et
1187 1134 1504 1207 breviter
1550 1132 1940 1206 dicendum
1966 1189 1985 1222 ,
2027 1161 2122 1206 ne
2159 1140 2236 1208 in
2273 1138 2527 1233 hujus·

410 1251 607 1323 modi
628 1248 847 1322 rebus
872 1247 1165 1334 diutius,
1200 1270 1416 1343 quam
1442 1243 1624 1321 ratio
1649 1243 2115 1344 praecipiendi
2141 1239 2532 1344 postulet5,

406 1383 959 1434 commoremur.

492 1467 1031 1566 XXXVI.(xxxv
1038 1473 1113 1563 1.)
1128 1467 1199 1536 Si
1211 1463 1518 1562 quadam
1531 1464 1604 1534 in
1616 1469 2233 1562 argumentatione
2249 1473 2415 1540 satis
2425 1482 2535 1540 est

410 1583 519 1653 uti
538 1579 1065 1680 propositione,
1084 1591 1155 1648 et
1180 1600 1331 1646 non
1352 1589 1642 1670 oportet
1662 1574 2052 1673 adjungere
2076 1577 2536 1676 approbatio-

410 1715 579 1762 nem
609 1687 1129 1787 propositioni;
1165 1682 1477 1783 quadam
1515 1697 1758 1757 autem
1801 1688 1876 1754 in
1913 1691 2532 1784 argumentatione

410 1797 692 1871 infirma
738 1813 846 1871 est
893 1798 1323 1895 propositiO,
1379 1795 1516 1863 nisi
1557 1792 1893 1888 adjuncta
1933 1797 2024 1866 sit
2060 1797 2532 1895 approbatio:

410 1925 819 2009 separatum
877 1905 1223 2005 quiddam
1282 1918 1390 1974 est
1446 1927 1487 1974 a
1546 1905 2040 2001 propositione
2091 1908 2536 2005 approbatio.

410 2019 625 2112 Quod
662 2021 855 2092 enim
887 2033 961 2090 et
1003 2016 1297 2111 adjungi
1330 2027 1403 2082 et
1438 2014 1794 2109 separari¹
1843 2013 1936 2085 ab
1975 1996 2217 2112 aliqu'o
2251 2035 2539 2116 potest,

412 2131 487 2202 id
523 2154 672 2202 non
712 2141 952 2229 potest
976 2126 1171 2198 idem
1202 2147 1386 2208 esse,
1414 2121 1614 2218 quod
1643 2137 1752 2194 est
1785 2122 1888 2212 id,
1921 2125 2010 2194 ad
2047 2126 2247 2222 quod
2287 2128 2537 2224 adjun-

414 2241 644 2337 gitur,
696 2253 771 2310 et
820 2263 861 2308 a
910 2261 1060 2334 quo
1106 2248 1498 2332 separatur.
1535 2235 1658 2302 Est
1694 2248 1936 2305 autem
1973 2234 2300 2332 quaedam
2335 2264 2539 2336 argu-

417 2350 781 2435 mentatio,
808 2349 885 2417 in
907 2371 1051 2444 qua
1075 2344 1475 2443 propositio
1503 2365 1652 2414 non
1679 2344 1953 2442 indiget
1981 2347 2537 2445 approbatione;

414 2475 489 2531 et
514 2458 839 2557 quaedam
866 2510 887 2541 ‚
929 2460 1007 2527 in
1032 2480 1175 2552 qua
1200 2452 1385 2525 nihil
1419 2452 1604 2524 valet
1641 2456 1796 2527 sine
1831 2456 2355 2555 approbatione
2375 2470 2429 2549 ²,
2457 2476 2542 2532 ut

489 2679 537 2727 3.
564 2680 927 2727 sturmen-une.
948 2676 1058 2727 Seh.
1070 2684 1437 2740 pertractarunt
1524 2673 1668 2722 Voss.
1691 2690 1739 2723 c.
1769 2674 1924 2724 schol.
1950 2678 2096 2727 Voss.
2133 2692 2177 2736 1,
2209 2694 2236 2727 a
2256 2712 2271 2737 ,
2308 2676 2445 2727 [aeid.
2475 2695 2503 2727 2
2524 2715 2539 2741 ,

415 2774 444 2806 e
466 2757 607 2808 Laid.
634 2774 663 2805 2
683 2792 698 2819 ,
714 2756 953 2821 probante
977 2752 1299 2817 Oudendorp.
1328 2753 1432 2811 Sic,
1530 2754 1558 2801 3
1573 2788 1589 2813 ‚
1623 2771 1768 2818 qnam
1792 2767 1849 2804 ut
1876 2756 2009 2820 vulg.
2031 2757 2274 2821 aesdjuugi
2308 2769 2358 2806 et
2393 2774 2536 2822 seps-

418 2837 580 2900 iuquit
598 2871 615 2896 ,
648 2837 771 2883 infra
794 2871 808 2895 ,
844 2834 1175 2883 narrationem
1189 2864 1204 2889 ,
1234 2848 1361 2897 saepe
1376 2848 1433 2879 sc

418 2914 677 2979 diligenter
702 2926 1009 2979 pertrectare.

490 3001 545 3049 10.
577 2994 656 3041 Ab
678 2994 967 3052 Aristotele,
1004 3003 1099 3040 ete.
1128 2988 1325 3039 Schiitz.
1352 2989 1434 3036 dat

417 3095 443 3115 ι
461 3072 523 3120 ab
548 3072 807 3121 Aristotele
832 3083 881 3121 et
900 3071 1237 3137 Theophrasto
1254 3106 1267 3129 ,
1290 3080 1435 3133 atque

418 3167 445 3198 e
469 3152 629 3217 pei-ip.
648 3174 675 3194 ι·
694 3154 921 3216 Ineptum
944 3161 1015 3199 est
1031 3185 1046 3205 ,
1066 3150 1230 3213 inquit
1244 3185 1259 3208 ,
1296 3146 1435 3213 quod

418 3228 781 3295 Tbeophrsstus
799 3232 934 3298 quasi
954 3229 1242 3278 excludatur
1257 3245 1282 3275 a
1308 3229 1435 3291 peri-

421 3311 739 3373 pateticorum
798 3322 1018 3359 numero.
1083 3310 1193 3356 Hoc
1255 3308 1437 3354 vitatur

419 3390 794 3453 transpositione
810 3401 999 3445 noem,
1013 3386 1273 3435 Victorino
1292 3388 1433 3433 etism

420 3480 619 3518 auctore
654 3468 809 3528 saeta,
851 3484 945 3532 que
984 3466 1041 3515 fat
1082 3476 1135 3513 ut
1174 3486 1197 3508 e
1218 3475 1364 3531 atque
1407 3480 1437 3512 e

418 3548 781 3611 peripateticis·
799 3547 973 3595 ultimo
999 3546 1113 3595 loeo
1141 3544 1437 3593 collocatum

420 3625 551 3675 idem
580 3625 819 3691 significet
849 3642 906 3675 ac
944 3648 967 3669 ι
992 3626 1161 3675 ceteris
1194 3626 1437 3690 peripate-

422 3705 531 3753 ticis
548 3726 589 3754 »-

494 3784 544 3833 5.
570 3783 807 3834 Postulet.
833 3786 912 3833 Sic
948 3784 1197 3833 Ernestius
1222 3800 1249 3831 e
1286 3786 1439 3831 forma

420 3862 673 3911 latinimi·
710 3872 757 3910 et
796 3862 1065 3912 secundm
1094 3862 1441 3911 nonnullorum

423 3942 547 3991 MSS
596 3942 951 3991 auctoritatem.
995 3968 1066 3979 —
1117 3942 1247 3990 Vide
1294 3956 1443 4004 supra

426 4030 529 4069 not.
556 4036 600 4069 ι.
624 4018 795 4067 Malim
822 4019 1045 4083 equidem
1063 4022 1299 4085 pusulae.

498 4098 738 4147 xxxvi.
778 4112 821 4147 r.
860 4100 981 4147 Ee...
1012 4113 1109 4163 sep.
1150 4100 1229 4149 Sic
1268 4101 1444 4149 rectius

1523 2836 1618 2881 rari
1637 2856 1679 2881 a.
1709 2835 1826 2882 Seu.
1866 2862 1930 2872 —
1977 2836 2057 2884 Sic
2080 2847 2128 2884 et
2155 2836 2324 2885 scribit
2350 2838 2538 2886 Ernest.

1521 2912 1609 2975 qui
1659 2912 1796 2961 addit
1847 2916 2184 2963 auctoritatem
2235 2916 2359 2963 MSS
2404 2916 2536 2982 apud

1520 2991 1650 3040 Oud.
1670 3002 1719 3040 et
1745 2994 1877 3042 Cass.
1901 2996 1998 3042 Gn.

1595 3086 1642 3118 a.
1691 3071 1804 3119 Sine
1838 3072 2209 3137 approbatione.
2251 3074 2330 3122 Sic
2375 3089 2542 3123 omues

1523 3150 1646 3199 MSS
1672 3149 1790 3199 dant
1814 3168 1924 3199 cum
1950 3152 2068 3202 edit.
2099 3152 2301 3201 Omnib.
2335 3170 2394 3201 sc
2419 3154 2542 3202 nihil

1524 3228 1728 3288 dubito,
1766 3229 1886 3293 quin
1927 3240 1976 3278 et
2014 3230 2096 3278 alii
2134 3232 2227 3279 viri
2271 3230 2541 3281 doctissimi

1528 3308 1824 3356 invenissent
1850 3309 1950 3357 suis
1974 3308 2030 3357 iu
2055 3309 2203 3359 codd.
2235 3312 2276 3359 si
2309 3312 2546 3361 attendis·

1529 3398 1652 3435 seut.
1671 3387 1799 3449 Quis
1827 3386 1924 3434 hoc
1951 3388 2142 3453 primus
2165 3392 2453 3448 mutaverit,
2491 3402 2542 3439 et

1523 3488 1548 3508 a«
1566 3466 1748 3530 absque
1789 3457 2142 3530 approbatione
2159 3490 2185 3509 ι·
2231 3470 2506 3533 reposuerit
2529 3503 2546 3529 ‚

1524 3546 1720 3602 uesci03
1771 3560 2024 3608 perperam
2066 3561 2195 3594 sane.
2243 3548 2441 3611 Absque
2488 3564 2548 3596 eo

1524 3639 1668 3671 sensu
1683 3624 1931 3671 Ciceronis
1949 3639 2058 3671 sevo
2077 3640 2180 3671 non
2205 3638 2308 3673 erat
2327 3625 2546 3676 latinum.

1528 3702 1656 3751 ‘Vide
1683 3718 1760 3749 me
1787 3701 1848 3749 ad
1875 3704 2059 3750 Lucsu.
2079 3704 2182 3763 vl,
2218 3705 2333 3752 152.
2363 3706 2550 3753 Heinsii

1530 3781 1736 3831 Advers.
1758 3796 1870 3844 pag.
1899 3782 2015 3839 145.
2049 3784 2241 3830 Frustra
2267 3782 2421 3845 igitur
2442 3784 2552 3832 Cel-

1529 3860 1679 3910 lerius
1705 3860 1756 3909 in
1792 3862 1907 3911 Cur.
1945 3869 2074 3922 post.
2109 3876 2218 3923 cap·
2248 3862 2306 3919 5,
2345 3863 2556 3926 protulit

1530 3940 1662 3989 hunc
1687 3939 1875 3997 locum,
1905 3947 1961 3986 ut
1987 3937 2216 4001 probaret
2241 3939 2424 4005 absque
2460 3958 2554 4005 pro

1531 4020 1640 4069 sine
1661 4031 1780 4068 tuuc
1803 4018 1856 4065 in
1881 4033 2002 4076 usu,
2030 4016 2331 4083 subiecitque
2351 4021 2552 4071 alterum

1533 4114 1596 4149 ex
1613 4099 1746 4147 libro
1773 4098 1796 4144 1
1817 4095 1880 4143 sd
1907 4098 2010 4145 Att.
2039 4112 2118 4161 ep.
2146 4111 2208 4161 ¹9
2231 4112 2244 4147 :
2270 4120 2294 4141 a
2316 4100 2509 4151 Nullam
2531 4121 2557 4150 a
