2982 4682
732 445 857 512 DE
904 444 1506 527 INVENTIONE‚
1554 445 1820 512 LIBER
1869 446 1943 529 1,
1994 443 2099 514 16.
2231 503 2236 506 .
2337 444 2472 543 307

348 567 715 640 auditores
749 581 997 654 erunt,
1037 566 1400 664 principio
1442 564 2002 638 benivolentiam
2061 591 2478 668 comparare

350 677 609 750 licebit.
661 678 787 748 Sin
829 690 1046 748 erunt
1104 673 1573 747 vehementer
1614 675 2029 763 abalienati,
2091 679 2482 778 confugere

350 813 640 860 necesse
678 790 818 858 erit
845 785 933 857 ad
960 785 1550 858 insinuationem.
1583 788 1766 856 Nam
1796 786 1886 858 ab
1916 788 2112 859 iratis
2136 791 2196 860 si
2214 794 2486 888 perspi-

352 922 487 970 cue
525 924 663 996 pax
704 913 774 968 et
814 896 1306 969 benivolentia
1363 899 1676 993 petitur3
1740 921 1892 968 non
1941 898 2160 970 modo
2205 925 2288 972 ea
2332 927 2486 972 non

352 1009 741 1094 invenitur,
761 1005 890 1078 sed
918 1019 1221 1102 augetur
1257 1021 1474 1102 atque
1503 1006 1984 1079 inflammatur
2014 1008 2262 1081 odium
2285 1022 2366 1080 ¹⁰.
2397 1017 2484 1082 In

354 1118 611 1189 humili
651 1133 892 1188 autem
934 1141 1199 1214 genere
1240 1142 1468 1187 causae
1493 1171 1511 1202 ,
1553 1121 2116 1216 contemptionis
2153 1121 2485 1194 tollendoe

358 1223 569 1300 causa
589 1281 608 1316 ,
638 1252 935 1300 necesse
973 1227 1107 1299 erit
1147 1241 1502 1298 attentum
1543 1224 1828 1298 efficere
1867 1228 2290 1302 auditorem.
2337 1235 2488 1302 An-

358 1363 525 1436 ceps
544 1363 773 1434 genus
804 1338 1139 1426 causae,si
1172 1335 1467 1408 dubiam
1491 1337 2014 1431 judicationem
2031 1339 2328 1412 habebit
2347 1396 2368 1429 ‚
2397 1341 2488 1412 ab

357 1453 513 1546 ipsa
549 1448 992 1541 judicatione
1032 1446 1551 1519 exordiendum
1605 1464 1732 1519 est.
1791 1452 1915 1520 Sin
1945 1465 2184 1522 autem
2215 1467 2490 1549 partem

362 1556 831 1656 turpitudinis
876 1573 947 1628 et
976 1572 1257 1656 partem
1286 1555 1682 1629 honestatis
1711 1557 2038 1644 habebit,
2073 1559 2493 1634 benivolen-

362 1671 533 1738 tiam
575 1683 862 1766 captare
911 1665 1313 1765 oportebit,
1359 1683 1439 1738 ut
1479 1670 1555 1737 in
1593 1691 1820 1764 genus
1859 1669 2250 1740 honestum
2283 1697 2496 1744 causa

364 1777 699 1849 translata
733 1778 1076 1849 videatur.
1120 1781 1369 1866 Quum
1399 1793 1643 1848 autem
1673 1780 1809 1848 erit
1843 1778 2227 1852 honestum
2263 1807 2496 1854 causae

363 1911 626 1983 genuS,
665 1889 775 1960 vel
798 1888 1152 1986 praeteriri
1172 1887 1610 1983 principium
1632 1890 1936 1984 poterit,
1973 1889 2088 1958 vel
2109 1900 2192 1974 ¹1,
2217 1892 2276 1960 si
2303 1917 2498 1962 com-

364 1997 663 2068 modum
690 1996 931 2086 fuerit,
952 2011 1077 2068 aut
1105 2021 1145 2065 a
1180 1998 1594 2067 narratione
1626 1998 2214 2095 incipiemu5‚aut
2239 2025 2279 2070 a
2304 2000 2494 2100 lege,

366 2123 491 2180 aut
524 2107 615 2178 ab
660 2108 897 2209 aliqua
915 2105 1323 2178 firmissima
1353 2110 1632 2178 ratione
1666 2123 1927 2179 nostrae
1961 2109 2294 2181 dictionis
2332 2139 2348 2180 :
2385 2116 2500 2187 sin

366 2220 475 2290 uti
522 2219 877 2316 principio
922 2215 1235 2314 placebit
1262 2225 1352 2303 ¹²,
1386 2215 1888 2287 benivolentia:
1924 2217 2249 2315 partibus
2289 2221 2508 2291 uten2

368 2327 545 2399 dum
602 2341 745 2414 est,
797 2340 876 2398 ut
932 2325 1046 2412 id,
1092 2324 1295 2423 quod
1340 2340 1482 2412 est,
1541 2341 1907 2423 augeatur.
1967 2333 2050 2399 In
2101 2328 2414 2401 obscuro
2439 2324 2500 2377 ¹3

370 2463 596 2509 causae
614 2462 914 2532 genere,
934 2462 1064 2534 per
1076 2436 1518 2533 principium
1541 2436 1810 2509 dociles
1826 2437 2192 2509 auditores
2211 2437 2501 2511 efficere

372 2548 760 2647 oportebit.

468 2663 657 2732 XVI.
698 2659 903 2755 (xvi.)
935 2664 1185 2747 Nune,
1230 2662 1576 2756 quoniam
1599 2680 1831 2758 ,·quas
1863 2688 1975 2732 res
1997 2661 2297 2733 exordio
2335 2685 2506 2752 con-

450 2858 529 2891 xo.
557 2842 657 2889 Sed
672 2854 881 2906 augetur
896 2854 1047 2905 atque
1062 2839 1392 2907 inflammatur
1481 2863 1507 2883 α
1529 2854 1576 2889 et
1593 2878 1606 2901 ,
1635 2842 1675 2889 si
1699 2843 2009 2891 commodum
2025 2866 2049 2883 υ
2070 2876 2086 2901 ,
2112 2860 2174 2891 ex
2201 2843 2280 2891 ed.
2307 2845 2496 2892 Camer.

334 2920 557 2969 ‚odinum
601 2922 725 2969 MSS
772 2920 967 2984 quidam
1022 2930 1071 2968 et
1114 2919 1228 2967 edd.
1275 2930 1391 2969 vett.

372 2998 561 3047 addunt
589 3001 779 3063 potius,
820 3016 922 3047 non
949 2999 1119 3047 eodem
1149 2998 1299 3049 loco:
1338 3016 1393 3047 ea

372 3088 449 3127 est
471 3079 657 3142 gloen3
680 3095 791 3127 nam
817 3078 941 3125 illud
966 3094 1069 3125 non
1096 3078 1237 3127 modo
1264 3094 1361 3125 non
1376 3112 1393 3135 ,

373 3159 462 3206 sed
494 3160 599 3207 eine
632 3158 777 3205 eciam
804 3167 888 3204 aut
904 3156 1073 3221 potius
1090 3191 1105 3215 ,
1140 3172 1239 3204 non
1281 3170 1393 3204 raro

376 3239 575 3287 Vetere·
610 3237 809 3295 dixere,
850 3248 905 3284 ut
946 3236 1131 3285 dudum
1172 3246 1395 3285 notatum

376 3328 451 3366 eet
464 3334 497 3364 a
514 3316 630 3365 viris
648 3316 826 3365 doctis.
848 3312 1251 3364 Eum—Somne.
1272 3314 1355 3361 dat
1376 3327 1391 3362 ε

378 3418 406 3439 ιι
424 3397 495 3443 ira
519 3406 723 3459 nugetur
748 3404 893 3457 atque
918 3393 1147 3441 inflamm.
1172 3392 1397 3441 odium».

376 3478 518 3523 Hanc
536 3506 553 3531 ,
580 3472 739 3536 inquit
753 3502 768 3526 ‚
795 3470 1195 3536 elegantissimam
1230 3470 1399 3517 lectio—

374 3569 491 3601 nem
516 3568 581 3601 ex
614 3552 807 3615 optimo
834 3550 949 3598 cod.
968 3550 1069 3599 Erf.
1088 3552 1188 3611 jam
1215 3566 1241 3597 a
1265 3552 1400 3599 Grae-

380 3632 461 3680 vio
483 3642 755 3694 receptam,
782 3646 871 3677 cur
896 3640 1008 3693 post
1029 3628 1165 3677 illum
1191 3628 1401 3677 editores

378 3708 705 3767 deseruerint,
732 3719 781 3756 et
801 3708 1000 3773 (omissa
1018 3706 1117 3771 im)
1141 3704 1309 3755 adiuvi
1326 3724 1401 3755 re-

379 3788 651 3853 posuerint,
670 3787 803 3837 haud
832 3786 1071 3851 intelligo.
1102 3786 1289 3850 Nempe
1320 3787 1405 3849 qui

372 3870 441 3919 ab
474 3869 599 3917 into
636 3870 893 3934 perspicue
922 3882 1091 3930 pacem
1119 3880 1169 3917 et
1193 3864 1405 3915 benivo-

374 3950 581 3998 lentim
605 3949 727 4013 petit
740 3982 756 4006 ,
793 3947 907 3996 huie
938 3946 1141 3997 odiosus
1176 3956 1225 3994 et
1252 3948 1405 3995 mole·

374 4038 483 4077 etus
506 4038 606 4089 eet,
641 4038 693 4075 et
719 4027 817 4075 hoe
844 4027 955 4091 ipso
990 4026 1109 4075 odio
1148 4028 1269 4074 iram
1304 4028 1407 4087 ejus

374 4106 645 4159 inflamma
669 4104 835 4171 phtius
857 4120 1003 4169 quam
1026 4105 1295 4169 restinguit.

461 4201 484 4233 1
500 4200 543 4235 r.
590 4185 709 4243 Vel,
758 4183 801 4233 si
846 4182 1169 4233 commodum.
1210 4182 1406 4233 Sehiitz.

1482 2932 1538 2968 ut
1560 2922 1736 2985 aptius.

1560 3016 1640 3048 12.
1665 3000 1748 3048 Sin
1776 3000 1846 3047 nei
1864 2999 2100 3064 principio
2121 2998 2350 3063 placebit.
2376 3002 2501 3049 Vul-

1482 3090 1591 3142 gata
1613 3110 1628 3135 ‚
1677 3100 1698 3121 ι
1719 3078 1793 3126 vel
1839 3079 1880 3125 ei
1930 3080 2002 3127 uti
2053 3079 2299 3143 principio
2347 3081 2506 3144 place·
2581 3136 2586 3145 Ι

1482 3156 1556 3203 bit
1575 3173 1634 3214 »ς
1677 3158 1764 3205 sed
1804 3157 2008 3205 alterum
2047 3158 2254 3207 restabat
2299 3160 2350 3206 in
2399 3159 2508 3207 Pal.

1486 3235 1706 3283 Habebat
1739 3248 1966 3299 preterea
1995 3238 2145 3286 Grev.
2187 3258 2208 3280 ι
2231 3239 2310 3285 sin
2343 3248 2506 3287 autem

1486 3317 1556 3362 uti
1579 3336 1618 3363 ι.
1647 3316 1816 3363 Gunr.
2375 3315 2390 3325 '

1565 3394 1642 3443 13.
1673 3398 1730 3442 In
1759 3394 1964 3443 obscuro
1993 3430 2004 3443 .
2030 3431 2042 3443 .
2065 3429 2076 3443 .
2105 3398 2358 3461 oportebit.
2391 3399 2506 3447 snb.

1488 3473 1594 3521 haec
1607 3475 1752 3522 verba
1773 3475 1972 3522 retraxit
1991 3486 2102 3523 ente
2120 3497 2146 3518 κ
2161 3478 2326 3539 Quum
2347 3489 2506 3525 autem

1488 3554 1582 3602 erit
1598 3554 1854 3602 honestum
1877 3575 1900 3596 ι
1919 3590 1934 3613 ,
1961 3556 2104 3618 quia,
2125 3556 2312 3618 inquit,
2338 3556 2510 3607 Cicero

1488 3632 1700 3697 primum
1721 3649 1774 3679 ea
1794 3648 1970 3696 genera
1999 3634 2192 3683 exordii
2225 3646 2512 3697 pertractat,

1493 3713 1546 3759 iu
1590 3710 1772 3774 quibus
1814 3724 2018 3777 propter
2063 3714 2274 3776 aliquam
2319 3730 2512 3761 cauum

1494 3790 1706 3839 orationi
1728 3789 1861 3838 haud
1884 3791 1998 3838 eatis
2021 3791 2150 3838 favet
2172 3794 2384 3840 emtor-is
2407 3794 2516 3839 ani-

1495 3884 1628 3931 mus3
1646 3868 1826 3932 quibus
1843 3884 1906 3916 ex
1921 3868 2073 3917 altera
2092 3879 2230 3932 parte
2243 3870 2517 3935 opponitur

1495 3970 1522 3989 «-
1536 3948 1796 3995 honestum
1815 3962 1970 3995 eeunae
1986 3960 2138 4009 genus
2153 3968 2198 3993 a.
2211 3950 2274 3995 Et
2287 3948 2356 3995 sic
2375 3958 2517 3997 antea

1497 4026 1548 4073 in
1577 4025 1918 4073 distributione
1943 4025 2040 4072 hoc
2063 4024 2238 4073 ordine
2262 4024 2518 4089 poneban-

1498 4116 1606 4153 tur:
1629 4104 1910 4152 admirabile
1933 4118 2086 4166 genus
2106 4118 2266 4152 eausae
2279 4140 2294 4165 ,
2312 4104 2520 4166 humile,

1493 4198 1702 4247 anceps,
1731 4182 2006 4231 obscurum.

2171 4306 2283 4354 20.
