2982 4682
558 370 701 443 560
944 372 1041 439 M.
1094 372 1171 439 T.
1227 335 1714 441 clcERoms
1763 371 2134 455 TOPICA,
2167 367 2285 439 26.

552 494 899 593 quoniam
934 489 1269 580 efficitur,
1309 490 1565 588 qui‘ad
1600 489 2182 588 persuadendum
2213 490 2349 562 loci
2382 494 2688 565 maxime

553 606 879 691 valeant,
919 603 1192 674 dictum
1227 616 1339 673 est
1368 602 1442 671 in
1474 602 1592 688 iis,
1635 602 1712 671 in
1748 598 2016 697 quihus
2043 600 2134 673 de
2169 604 2372 672 omni
2410 604 2686 674 ratione

556 714 865 786 dicendi.
922 716 1289 785 Peroratio
1338 724 1578 783 autem
1639 725 1713 781 et
1757 711 1890 782 alia
1941 710 2268 810 quaedam
2321 712 2574 799 habet,
2617 728 2691 785 et

555 826 864 897 maxime
892 820 1568 921 amplificationem:
1604 821 1717 916 cuj
1729 846 1813 893 us
1844 819 2144 892 effectus
2173 823 2232 893 is
2257 819 2474 893 debet
2499 846 2688 907 esse,

556 953 641 1008 ut
677 950 801 1008 aut
829 932 1357 1033 perturbentur
1394 932 1652 1020 animi,
1696 944 1820 1003 aut
1857 930 2452 1028 tranquillentur;
2483 946 2594 1021 et,
2631 932 2692 1003 si

558 1049 659 1119 ita
678 1049 825 1142 jam
854 1042 1094 1117 affecti
1122 1058 1289 1115 ante
1324 1056 1496 1113 suut
1519 1097 1537 1130 ,
1573 1055 1656 1113 ut
1687 1056 1940 1139 augeat
1966 1066 2217 1113 eorum
2258 1058 2529 1131 motus,
2565 1056 2692 1113 aut

560 1154 765 1231 sedet
804 1156 1053 1228 oratio.
1214 1144 1221 1151 ’

652 1268 839 1340 Huic
883 1267 1167 1363 generi,
1212 1264 1291 1332 in
1323 1286 1474 1360 quo
1514 1276 1586 1333 et
1613 1244 2097 1341 misericordia
2121 1316 2140 1350 ,
2179 1276 2251 1333 et
2283 1261 2688 1349 iracundia,

560 1394 635 1455 et
671 1377 917 1451 odium
940 1431 960 1464 ‚
1001 1390 1073 1446 et
1107 1372 1377 1444 invidia
1404 1426 1423 1459 ‚
1464 1386 1538 1443 et
1564 1387 1820 1443 ceterae
1851 1376 2070 1443 animi
2097 1371 2514 1444 affectiones
2535 1396 2690 1471 per·

558 1487 971 1573 turbantur,
1002 1496 1353 1581 praecepta
1374 1481 1929 1578 suppeditantur
1964 1483 2114 1555 aliis
2139 1487 2212 1554 in
2246 1482 2481 1570 libris,
2501 1506 2688 1580 quos

558 1598 831 1697 poteris
858 1617 1143 1666 mecum
1174 1592 1441 1689 legere,
1474 1616 1704 1688 quum
1732 1593 1952 1664 voles.
1975 1594 2080 1665 Ad
2099 1593 2171 1665 id
2193 1609 2432 1665 autem
2449 1648 2469 1680 ,
2489 1591 2686 1690 quod

560 1721 633 1779 te
669 1705 848 1777 velle
880 1726 1238 1800 senseram
1256 1756 1275 1789 ,
1304 1701 1668 1773 cumulate
1691 1700 2124 1774 satisfactum
2152 1728 2304 1775 esse
2330 1702 2548 1774 debet
2573 1726 2688 1773 vo·

563 1815 821 1887 luntati
862 1829 1021 1885 tuae.
1066 1817 1287 1901 Nam,
1335 1836 1431 1883 ne
1484 1811 1926 1911 praeterirem
1975 1812 2286 1910 aliquid,
2347 1812 2548 1910 quod
2601 1810 2688 1885 ad

561 1938 1069 2023 argumentum
1096 1923 1173 1992 in
1198 1924 1399 1993 omni
1423 1924 1708 1993 ratione
1735 1921 2243 2020 reperiendum
2266 1926 2686 2020 pertineret,

558 2034 803 2133 plura,
841 2056 1060 2131 quam
1106 2056 1147 2103 a
1181 2046 1254 2104 te
1289 2030 1688 2102 desiderata
1731 2046 1970 2118 erant,
2019 2057 2176 2103 sum
2224 2031 2690 2129 complexus,

561 2134 847 2241 fecique
909 2141 1111 2240 quod
1158 2166 1345 2239 saepe
1403 2139 1732 2213 liberales
1775 2142 2188 2214 venditores
2239 2143 2510 2230 solent,
2561 2157 2645 2214 ut
2669 2194 2688 2229 ‚

562 2278 790 2353 quum
849 2252 1034 2325 aedes
1092 2250 1489 2324 fundumve
1540 2249 2028 2339 vendiderint,
2090 2256 2272 2325 rutis
2324 2253 2519 2323 caesis
2574 2275 2690 2323 re-

562 2367 790 2463 ceptis
811 2368 869 2451 ’,5,
916 2362 1318 2436 concedant
1356 2378 1599 2434 tamen
1643 2363 1915 2459 aliquid
1953 2365 2298 2461 emptori,
2332 2362 2537 2461 quod
2573 2388 2688 2434 or·

562 2475 779 2546 nandi
824 2498 1034 2545 causa
1081 2488 1250 2571 apte
1290 2487 1364 2545 et
1407 2473 1570 2544 loco
1609 2475 1926 2570 positum
1975 2499 2130 2546 esse
2178 2475 2554 2546 videatur:
2591 2476 2688 2544 sic

560 2583 694 2655 tibi
728 2609 862 2655 nos
898 2581 1090 2666 adid
1115 2637 1135 2670 ,
1173 2581 1374 2679 quod
1413 2583 1618 2680 quasi
1643 2585 1999 2680 mancipio
2029 2582 2239 2656 dare⁵
2266 2583 2686 2669 debuimus,

565 2709 988 2766 ornamenta
1017 2693 1343 2791 quaedam
1373 2692 1734 2765 voluimus
1769 2717 1919 2764 non
1950 2693 2193 2766 debita
2226 2693 2588 2774 accedere.

630 2885 679 2936 4.
721 2877 858 2926 leucis
904 2876 1045 2925 casis
1091 2875 1312 2942 receptis.
1358 2877 1575 2940 Quintu-
1739 2878 1790 2926 5.
1835 2879 1986 2942 Quod
2009 2877 2153 2943 quasi
2174 2877 2418 2942 mancipio
2447 2877 2569 2926 dat-e
2601 2877 2688 2926 de·

560 2957 757 3008 Mucius
798 2957 926 3004 libro
954 2955 1183 3020 singulari
1222 2959 1316 3006 τῦν
1349 2953 1487 3024 ὅρων,
1509 2957 1580 3015 ,In
1666 2955 1870 3014 buimm,
1893 2967 2201 3017 ornamenta,
2223 2967 2318 3006 ete.
2340 2958 2494 3005 Recte
2516 2957 2688 3017 adjun-

559 3037 712 3095 rntio,
734 3035 897 3099 inquit
911 3067 926 3092 ,
952 3044 1001 3082 et
1028 3036 1165 3083 cesis
1202 3051 1254 3082 ea
1290 3045 1407 3083 aunt
1424 3071 1441 3096 ,
1466 3049 1578 3098 quo
1665 3035 1742 3084 xit
1763 3035 1936 3099 partic.
1961 3035 2122 3101 quase'.
2141 3037 2266 3084 Nam
2287 3036 2531 3100 mancipio
2549 3035 2696 3095 dm,

558 3125 683 3165 tem
720 3129 819 3162 non
870 3123 1122 3173 tenentur,
1177 3129 1384 3178 queque
1428 3129 1578 3178 opere
1667 3123 1744 3163 eat
1788 3114 2029 3178 alienare,
2063 3115 2130 3164 ita
2169 3127 2226 3163 ut
2259 3131 2360 3162 rem
2407 3114 2686 3179 accipienti·

558 3191 766 3242 metili
808 3193 1074 3242 tectoriove
1108 3209 1210 3242 non
1244 3194 1582 3242 eontinentur.
1667 3195 1871 3244 omnino
1891 3195 2140 3244 faciamus.
2166 3196 2234 3245 At
2259 3195 2325 3242 ita
2351 3193 2474 3242 liber
2499 3193 2581 3241 hic
2607 3193 2690 3241 da·

557 3273 796 3337 Recipere
822 3283 983 3320 nutem
1009 3283 1083 3321 est
1102 3273 1326 3338 excipere
1352 3283 1399 3320 et
1427 3289 1580 3320 reser-
1668 3284 1750 3322 tu·
1773 3283 1873 3322 ent
1894 3274 2152 3332 Trebatio,
2171 3285 2242 3341 ut⁸
2255 3273 2307 3321 in
2323 3288 2432 3321 enm
2444 3274 2526 3334 jn·
2543 3271 2685 3320 etiam

556 3368 672 3401 vare
698 3351 810 3399 sibi.
840 3353 969 3402 Gov.
999 3379 1067 3388 -
1086 3353 1329 3417 Ulpianus
1356 3348 1583 3413 inlfun-
1669 3353 1841 3402 Ciccro
1881 3354 2124 3402 retineret.
2162 3357 2344 3402 Pater.
2389 3377 2458 3390 —
2499 3349 2687 3399 Manci-

558 3431 616 3480 di
628 3449 646 3480 :
682 3453 705 3476 ι
729 3431 771 3478 si
788 3441 901 3479 rusa
924 3448 1051 3480 σασα
1072 3433 1380 3496 excipiantur
1395 3431 1449 3478 in
1465 3446 1587 3479 ven·
1662 3430 1831 3496 pium,
1854 3433 1935 3492 jus
1954 3433 2284 3497 proprietati».
2303 3434 2484 3480 Seneca
2497 3465 2512 3490 ,
2531 3431 2684 3495 Epi-t.

564 3511 779 3573 ditione,
826 3529 879 3560 ea
926 3511 1115 3575 placuit
1155 3527 1257 3559 esse
1295 3521 1439 3570 ruta,
1473 3526 1587 3574 qua
1677 3512 1738 3573 73
1766 3523 1781 3560 ε
1813 3509 2047 3560 «fortuna
2093 3511 2216 3560 nihil
2253 3505 2335 3559 dat
2375 3509 2620 3575 ηιωισὶρὶο
2637 3530 2680 3556 ι.

562 3603 699 3640 eruta
726 3603 866 3650 sunt,
892 3601 948 3638 ut
972 3607 1135 3648 amna,
1152 3600 1278 3638 eret·
1299 3601 1348 3638 et
1374 3589 1585 3639 similia:
1673 3589 1867 3637 Lueret.
1908 3589 1996 3639 lib.
2039 3591 2147 3651 111,
2195 3607 2266 3638 vs.
2306 3589 2409 3653 935
2445 3601 2460 3636 ε
2505 3609 2530 3630 ιι
2550 3588 2684 3636 Ἤει-

563 3687 698 3718 eaesa
725 3686 828 3719 ecoe
842 3703 856 3728 ,
886 3680 941 3717 nt
966 3669 1164 3717 arbores
1198 3685 1369 3730 euna,
1408 3679 1458 3718 et
1482 3683 1586 3716 ear-
1672 3683 1767 3732 que
1801 3668 2046 3734 mancipio
2087 3668 2210 3718 nulli
2251 3667 2398 3719 datur
2411 3703 2425 3726 ,
2461 3665 2686 3717 omnibus

560 3749 719 3798 bones
744 3761 795 3798 et
818 3748 896 3796 hi·
924 3749 1097 3796 similia
1118 3769 1161 3796 n.
1184 3749 1277 3796 En.
1672 3762 1764 3795 mn
1781 3769 1827 3797 ι.
1856 3749 1946 3798 En.

1290 3948 1956 3976 *ψ’
