2982 4682
751 351 875 417 AD
923 349 1519 434 HERENNIUM,
1566 351 1831 420 LIBER
1880 353 1982 434 11,
2033 351 2143 422 23.

2424 373 2508 448 91

374 474 546 546 Ideo,
565 492 690 552 quo
708 491 912 532 saxum
931 472 1230 551 impulerit
1253 473 1400 544 fors,
1435 473 1645 532 eadere
1676 493 1749 534 eo
1774 475 2067 534 fortunam
2094 489 2417 538 autumant.

375 573 606 628 Caecam
631 565 712 625 ob
733 586 864 626 eam
881 585 1006 644 rem
1025 585 1148 624 esse
1171 567 1402 639 iterant,
1415 566 1554 643 quia
1574 565 1719 626 nihil
1738 580 1957 640 cernat,
1976 587 2095 645 quo
2110 587 2235 626 sese
2246 570 2517 648 applicet.

373 665 648 718 Insanam
671 673 864 718 autem
888 658 1082 728 aiunt,
1107 659 1244 736 quia
1270 670 1465 726 atrox,
1491 658 1745 731 ineerta,
1770 657 2173 738 instabilisque
2199 659 2295 720 sit.

375 757 645 824 Brutum,
668 750 806 830 quia
832 749 1070 829 dignum
1106 764 1280 828 atque
1311 747 1613 828 indignum
1632 763 1681 788 ¹⁰
1708 763 1961 828 nequeat
1990 751 2403 812 internoscere.

377 851 530 906 Sunt
552 855 746 902 autem
770 840 868 900 alii
889 841 1256 921 philosophi,
1292 841 1394 920 qui
1422 855 1629 900 contra
1660 841 1897 901 fortuna
1923 856 2138 921 negent

377 936 674 995 Miseriam
703 953 829 993 esse
853 935 1028 994 ullam
1049 947 1118 1008 ²¹,
1141 933 1243 992 sed
1273 934 1595 993 temeritate
1618 937 1810 994 omnia
1836 936 1990 1014 regii
2015 934 2077 994 id
2104 935 2284 1016 magis

375 1028 702 1087 Verisimile
729 1028 920 1100 aiunt;
939 1027 1102 1106 quod
1125 1047 1266 1102 usus
1285 1045 1497 1106 reapse
1522 1026 1891 1106 experiundo
1920 1028 2149 1088 edoeeta

377 1122 556 1192 Velut
577 1125 810 1180 Orestes
831 1119 1009 1180 modo
1036 1121 1146 1180 fuit
1169 1141 1276 1180 rex
1291 1163 1310 1194 ,
1331 1120 1510 1180 modo
1539 1120 1839 1180 mendicus
1864 1121 2158 1194 faetusect
2175 1135 2242 1194 ¹¹5

377 1213 700 1294 Naufragio
721 1233 814 1272 res
840 1213 1097 1292 contigit.
1120 1217 1345 1294 Nempe
1374 1231 1515 1290 ergo
1542 1213 1700 1272 haud
1724 1213 1961 1272 fortuna
1987 1212 2198 1294 obtigit
2214 1214 2282 1270 ¹³.

377 1351 564 1420 Nam
607 1345 730 1418 hic
760 1347 1114 1418 Pacuvius
1155 1343 1445 1417 infirma
1481 1345 1767 1418 ratione
1806 1346 2069 1434 utitur,
2103 1369 2337 1443 quum
2380 1347 2479 1416 ait
2498 1399 2518 1431 ,

375 1499 532 1549 libros
547 1533 562 1556 ,
595 1499 683 1562 qui
701 1497 980 1547 rescribunt
1013 1497 1231 1550 volubili
1245 1515 1268 1546 .-
1292 1513 1404 1547 nam

373 1579 584 1631 thaam
613 1575 740 1636 illud
766 1577 1024 1642 epitheton
1051 1577 1260 1632 fortuna
1285 1595 1404 1644 pro-

371 1659 560 1722 prium.
589 1657 796 1706 Interim
835 1656 1114 1707 mirandum
1160 1669 1234 1706 est
1277 1659 1406 1708 Mss

377 1725 547 1786 omn‘es
559 1735 741 1784 habere
763 1758 784 1778 ι
805 1737 1016 1800 Saxique
1041 1737 1196 1786 instar
1212 1736 1406 1801 globosi

373 1831 480 1864 esse
507 1813 778 1864 volubilem
819 1836 866 1868 ι.
908 1818 983 1863 Ita
1027 1832 1143 1864 sane
1190 1817 1406 1866 melioris

375 1905 540 1954 nota,
559 1895 656 1944 hoe
675 1905 748 1961 est
763 1930 778 1955 ‚
797 1895 1006 1962 originis
1038 1911 1296 1963 ges-maun.
1323 1896 1408 1946 Li·

375 1973 454 2022 lm·
485 1975 674 2038 quippe
697 1975 850 2023 Italiae
874 1973 1072 2040 quidam
1103 1986 1192 2024 aut
1214 1975 1404 2041 pra-di-

375 2063 494 2100 cant
527 2051 854 2114 interjiciunt,
902 2063 987 2100 ant
1015 2051 1198 2103 dieunt.
1229 2055 1400 2102 Gnrr.

375 2158 448 2168 —
467 2134 530 2180 Et
551 2131 688 2196 apud
707 2131 940 2184 Cebetem
971 2137 1184 2186 Fortuna
1205 2131 1406 2197 fingitur

373 2212 613 2268 immin.
641 2209 724 2262 ἐπὶ
755 2211 886 2265 λίθου
922 2211 1050 2272 τινὸς
1089 2213 1404 2284 στρογγύλου.

373 2317 446 2329 --
485 2289 682 2340 Sehfitz.
723 2291 952 2341 volubili.
1002 2293 1082 2340 Sie
1121 2305 1284 2353 reete,
1328 2293 1405 2340 in-

373 2372 508 2435 quit,
535 2370 720 2431 Aldus3
745 2372 860 2420 item
884 2370 1000 2422 eod.
1017 2372 1121 2421 ltrf.
1149 2374 1337 2422 Caueh.

449 2465 532 2499 xo.
575 2452 746 2516 Aeque
781 2451 1058 2519 indignum.
1089 2472 1114 2495 ι
1139 2454 1246 2501 Aut
1269 2453 1418 2521 imfi-⁴

299 2586 306 2591 ὑ
375 2544 528 2595 gnum
551 2552 578 2571 a·
609 2540 730 2579 vett.
761 2530 877 2579 edd.

449 2624 534 2657 11.
563 2608 666 2673 Qui
697 2606 1089 2675 concrafortuna
1108 2622 1287 2675 negent
1307 2608 1404 2659 Me·-

370 2689 552 2737 sen‘am
576 2705 677 2739 esse
701 2690 871 2739 ullam.
900 2694 960 2741 In
987 2690 1038 2741 h.
1063 2677 1103 2739 l.¹
1125 2692 1192 2739 ita
1217 2692 1408 2739 variant

371 2766 490 2815 libri
505 2769 680 2835 scripti
697 2781 749 2819 et
765 2770 886 2819 editi
902 2806 917 2830 ,
946 2782 1004 2819 ut
1021 2770 1146 2819 nihil
1165 2771 1287 2821 certi
1305 2786 1405 2821 esse

373 2848 544 2909 possit.
566 2848 762 2913 Negent
791 2848 1018 2898 dedimus
1046 2865 1073 2898 e
1097 2852 1224 2899 MSS
1250 2860 1300 2898 et
1326 2849 1404 2898 ed.

371 2926 514 2975 ned.
537 2942 631 2990 pno
654 2939 864 2993 negant.
886 2928 1014 2977 Ena.
1035 2956 1104 2965 --
1125 2929 1243 2977 Sch.
1273 2952 1298 2972 κ
1319 2929 1406 2993 qui

373 3020 417 3052 e.
453 3004 701 3054 fortunam
733 3023 786 3055 n.
819 3008 936 3054 Esse
973 3006 1120 3055 ullam
1141 3029 1182 3055 n.
1211 3004 1406 3071 Vulgo,

376 3084 563 3149 iuquit,
597 3107 625 3126 a
651 3084 688 3132 f.
713 3102 766 3133 n.
795 3086 1045 3133 Miseriam
1078 3102 1144 3134 es.
1183 3084 1258 3135 ul.
1275 3108 1327 3145 a,
1351 3087 1406 3133 in

370 3178 474 3226 quo
497 3162 761 3223 miseriam,
782 3164 883 3224 vel,
896 3174 951 3212 ut
971 3164 1054 3213 alii
1075 3164 1263 3231 legunt,
1277 3188 1302 3207 α
1317 3167 1406 3213 mi-

371 3242 612 3291 seritatem
627 3255 711 3293 aut
723 3244 1071 3292 humanitatem
1087 3268 1132 3304 ιι,
1148 3246 1253 3304 vel,
1279 3245 1404 3293 vitio

371 3320 698 3383 librariorum,
710 3320 790 3371 vel
815 3324 1101 3388 glossatoris
1125 3338 1404 3376 commento

374 3400 596 3451 debetur.
625 3403 779 3467 Quod
825 3415 986 3452 autem
1011 3403 1232 3468 fortuna
1267 3404 1349 3453 hic
1375 3423 1403 3454 a

370 3478 666 3539 emer-itate,
686 3482 780 3531 i.e.
808 3498 949 3541 casu,
973 3482 1319 3547 distinguitur,
1351 3483 1404 3531 id

369 3556 440 3605 sie
467 3559 806 3623 accipiendum
835 3572 926 3611 est.
964 3564 1180 3611 Fortuna
1225 3563 1307 3611 hie
1347 3574 1406 3612 ut

367 3633 458 3684 dea
482 3637 764 3699 inducitur3
797 3656 940 3704 quam
972 3642 1059 3705 qui
1089 3652 1269 3706 negant
1296 3657 1396 3689 esse

367 3714 541 3774 ullam,
583 3718 748 3765 omnia
795 3718 860 3766 ad
905 3736 1043 3769 casus
1073 3721 1393 3769 temeritatem

365 3794 596 3844 referunt.
636 3797 718 3845 sto
745 3796 886 3845 locus
924 3816 1068 3863 quem
1104 3802 1296 3848 Ernest.
1339 3810 1396 3847 ut

366 3874 668 3939 desperatum
686 3876 912 3941 reliquit,
932 3880 1000 3926 ita
1017 3878 1274 3943 expeditus
1295 3888 1392 3939 est,

365 3962 420 3999 ut
467 3952 591 4001 nihil.
645 3956 858 4018 supersit
913 3957 1217 4004 offensionis.
1299 3954 1390 4004 Ed.

369 4036 532 4093 1476,
548 4045 600 4081 et
625 4034 702 4083 ed.
723 4034 864 4085 Med.
900 4036 1030 4099 1498
1048 4071 1061 4095 ,
1092 4059 1116 4077 a
1133 4038 1258 4085 Sunt
1277 4034 1390 4082 item

361 4112 648 4182 philosophi
673 4114 758 4181 qui
786 4114 1030 4163 ronanam
1049 4124 1226 4177 negant
1245 4114 1389 4163 ullam

1495 1513 1599 1546 esse
1614 1517 1661 1546 ιι.
1678 1497 1789 1554 Nisi
1812 1498 1947 1563 quod
1970 1495 2049 1546 ed.
2070 1499 2230 1560 1476,
2247 1509 2519 1563 negent.—

1494 1577 1689 1641 Quibus
1704 1577 1991 1634 auctoribus
2012 1575 2233 1640 sphiitsti
2256 1575 2517 1631 lectionem

1494 1657 1784 1722 reeeperim3
1812 1657 1899 1704 sed
1930 1657 2097 1706 malim
2138 1673 2251 1706 eum
2276 1656 2518 1706 Wetnelio

1493 1746 1543 1784 et
1573 1735 1649 1786 Cl.
1670 1737 1777 1785 viro
1802 1738 1998 1787 Lcclerc
2028 1738 2337 1802 interpretari
2371 1749 2521 1786 teme-

1494 1815 1635 1864 ritate
1678 1815 1929 1864 homimem
1966 1831 2070 1864 non
2108 1833 2223 1865 casu
2254 1817 2361 1865 hee
2398 1818 2519 1880 tegi.

1494 1897 1693 1946 Orestes
1730 1883 1985 1944 mendicus
2027 1913 2055 1942 ο
2092 1913 2205 1960 rege
2238 1897 2397 1947 faetus
2423 1909 2523 1955 est,

1494 1975 1609 2038 quia
1649 1983 1827 2022 temere
1880 1991 1931 2022 se
1975 1975 2096 2021 mari
2140 1975 2362 2023 eredidit.
2402 1979 2519 2038 Quo

1491 2052 1645 2101 modo
1671 2054 1767 2100 nisi
1807 2053 2155 2118 interpretatus
2196 2053 2375 2110 fueris,
2418 2069 2520 2102 uon

1489 2131 1683 2182 infirm·
1708 2143 1897 2182 tantum
1914 2132 2115 2184 Pacuvii
2132 2133 2261 2183 mio
2274 2167 2291 2193 ,
2314 2133 2401 2184 sed
2416 2149 2526 2196 per-

1491 2212 1703 2260 absurda
1750 2223 1844 2262 est.
1920 2212 2109 2261 Nostro
2171 2222 2331 2259 autem
2377 2228 2523 2261 sensu

1489 2291 1696 2359 intelligi
1717 2303 1911 2359 potest:
1943 2291 2027 2340 sed
2056 2291 2234 2340 merito
2258 2291 2521 2356 reprehen-

1491 2371 1642 2421 ditur.

1568 2469 1651 2501 12·
1674 2453 1829 2503 Modo
1842 2454 2091 2503 mendicus
2098 2452 2275 2518 faetus
2292 2463 2374 2515 ese,
2392 2454 2522 2501 «Fa-

1491 2543 1599 2580 ctus
1644 2544 1718 2581 est
1760 2532 2013 2581 mendicus
2054 2533 2205 2581 modo
2224 2554 2249 2575 ιο
2280 2534 2422 2581 Voss.
2455 2548 2482 2579 2
2505 2565 2522 2591 ,

1491 2609 1629 2659 Leid.
1654 2625 1683 2659 a
1703 2647 1717 2671 ,
1757 2618 1814 2669 4,
1843 2612 1923 2661 ed.
1949 2610 2221 2660 Omniboni
2236 2646 2252 2670 ,
2276 2620 2325 2660 et
2346 2610 2526 2677 probat

1481 2688 1734 2738 'Oudend.
1760 2691 1975 2739 Senon.
1996 2716 2067 2729 --
2090 2690 2173 2739 Sic
2190 2690 2336 2739 etiam
2354 2706 2524 2741 omum

1491 2785 1614 2833 quas
1652 2768 1867 2819 vidimus
1892 2779 2014 2818 vett.
2046 2768 2160 2818 edd.
2200 2769 2291 2819 sed
2330 2769 2525 2832 vulgata

1493 2850 1647 2913 magis
1674 2846 1848 2913 placet.
2414 2863 2423 2873 ·

1568 2928 1650 2976 13.
1674 2923 1952 2991 Naufragio
1981 2939 2059 2971 res
2087 2922 2312 2989 contigit.
2339 2924 2529 2988 Nempe

1493 3022 1607 3070 ergo
1636 3002 2001 3065 haudfomma
2032 3000 2215 3067 obtegit.
2246 3002 2349 3050 Pal.
2376 3014 2525 3068 quar·

1493 3096 1597 3143 tus,
1626 3084 1943 3149 «Naufragos
1969 3097 2145 3146 nempe
2174 3098 2250 3129 res
2277 3081 2371 3129 ista
2400 3096 2525 3130 eou-

1491 3164 1619 3227 tigit.
1647 3164 1777 3226 Ergo
1794 3162 1847 3211 id
1866 3178 1969 3210 non
1992 3162 2121 3210 forte
2140 3176 2298 3225 neque
2326 3154 2525 3210 fortuna

1493 3240 1673 3307 obtigit
1684 3264 1708 3283 v·
1726 3258 1740 3305 ;
1760 3253 1812 3291 at
1825 3242 2044 3307 quintus,
2058 3262 2083 3282 α
2102 3240 2372 3305 Naufragio
2392 3254 2526 3289 nem-

1491 3338 1554 3387 pe
1592 3338 1668 3369 res
1692 3324 1782 3370 ista
1814 3320 2097 3386 contingit3
2144 3336 2260 3387 ergo
2286 3321 2341 3369 id
2370 3320 2525 3370 fluctu

1491 3416 1596 3448 non
1622 3400 1751 3448 forte
1779 3413 1863 3449 sut
1893 3400 2090 3448 fortuna
2130 3398 2310 3464 obtigit
2336 3424 2377 3449 ιι.
2416 3404 2523 3450 Gu-

1491 3478 1705 3527 lielmius
1722 3496 1748 3527 e
1774 3482 2003 3527 varietate
2023 3494 2222 3527 suorum
2240 3478 2373 3527 istud
2394 3495 2527 3527 erue-

1491 3558 1596 3620 bat,
1618 3580 1641 3601 u
1662 3560 1929 3624 Naufragio
1945 3558 2152 3623 contigit
2174 3594 2191 3617 ,
2214 3574 2330 3623 ergo
2348 3558 2402 3607 id
2420 3567 2524 3607 nou

1490 3638 1619 3685 forte
1668 3649 1751 3686 aut
1800 3640 1998 3687 fortuna
2040 3636 2223 3701 obtigit
2246 3660 2271 3679 a
2292 3673 2307 3697 ,
2358 3652 2414 3686 ut
2442 3640 2526 3688 det

1485 3716 1766 3781 contingere
1788 3716 2077 3775 temeritati,
2114 3717 2327 3769 fortunat
2367 3718 2525 3765 obtin-

1482 3808 1614 3859 gere.
1644 3798 1815 3845 Gau-r.
1850 3822 1920 3832 —
1945 3796 2069 3858 Quae
2108 3794 2260 3842 lectio
2294 3810 2407 3843 vera
2460 3798 2523 3844 sit

1484 3874 1771 3939 neutiquam
1800 3874 1979 3934 vide03
2026 3873 2113 3921 sed
2138 3890 2310 3937 parum
2332 3874 2518 3924 arridet

1482 3953 1587 4001 haec
1610 3964 1773 4001 nostra
1804 3970 1867 4001 ex
1895 3953 2099 4017 optimis
2137 3952 2250 4000 licet
2278 3954 2519 4003 recentio-

1483 4046 1589 4079 rum
1636 4032 1935 4079 editionibus
1972 4042 2199 4094 sumpts,
2224 4047 2335 4095 que
2372 4032 2517 4084 habet

1483 4114 1723 4160 continuo
1736 4126 1748 4160 :
1762 4135 1785 4153 κ
1806 4110 1995 4176 Nempe
2016 4128 2132 4175 ergo
2155 4110 2285 4158 haud
2302 4130 2349 4161 υ.
