2982 4682
561 381 580 426 ι
609 381 632 426 1
647 359 691 442 4
1271 351 1945 426 ARGUMENTUM.

627 489 820 536 ctatur
845 473 1208 554 magnitudo,
1234 472 1563 548 firmitudo,
1604 473 1933 534 mollitudo.
1976 471 2291 532 Mollitudo
2326 475 2485 532 vocis
2518 493 2675 552 quo-

628 572 806 633 modo
846 569 1098 631 tenenda
1131 570 1236 644 sit,
1277 570 1617 650 praecipitur
1660 571 1721 630 in
1756 589 2052 640 sermone,
2101 570 2163 626 in
2190 570 2589 646 contentione,
2614 573 2676 630 in

626 668 1090 750 amplificatione.
1111 666 1316 728 Sermo
1335 679 1424 726 est
1439 665 1535 726 vel
1558 665 1619 726 in
1646 665 1947 749 dignitate,
1960 665 2053 726 vel
2078 665 2145 744 in
2165 665 2673 740 demonstratione,

625 767 716 826 vel
746 765 807 824 in
839 764 1156 844 jocatione.
1206 764 1521 824 Contentio
1550 763 1835 822 dividitur
1875 763 1935 820 in
1973 763 2468 824 continuationem
2485 807 2501 832 ,
2530 765 2591 822 h.
2619 785 2673 824 e.

625 863 906 924 orationis
929 863 1225 924 continuae
1253 861 1730 924 accelerationem
1760 861 2069 922 ciamosam
2086 903 2104 934 ,
2128 873 2191 920 et
2216 861 2277 922 in
2302 859 2674 924 distributio-

625 978 787 1031 nem,
815 979 947 1038 quae
983 973 1070 1019 est
1099 959 1431 1019 concisione
1463 958 1650 1017 oratio
1679 959 1949 1036 frequens
1980 977 2114 1017 cum
2150 956 2373 1017 crebris
2399 971 2457 1017 et
2481 957 2677 1018 brevi-

625 1053 738 1114 bus
761 1053 1090 1114 intervallis.
1115 1053 1507 1134 Amplificatio
1532 1053 1813 1114 dividitur
1847 1053 1909 1112 in
1944 1051 2403 1113 cohortationem
2438 1067 2497 1111 et
2530 1073 2677 1112 con-

626 1153 1006 1232 questionem.
1047 1154 1115 1208 In
1154 1149 1246 1209 his
1289 1149 1562 1210 omnibus
1602 1149 1900 1230 quomodo
1942 1169 2139 1210 vocem
2182 1150 2413 1209 flectere
2452 1171 2520 1210 ac
2557 1163 2678 1210 tor-

626 1267 810 1327 quere
835 1257 1108 1327 oporteat
1134 1245 1400 1322 docetur,
1425 1267 1553 1328 cap.
1586 1249 1689 1319 13,
1727 1257 1817 1316 ιι..

703 1350 1041 1424 Sequuntur
1080 1359 1372 1424 praecepta
1400 1344 1476 1404 de
1506 1345 1809 1418 memoria,
1846 1365 1978 1426 quae
2010 1358 2097 1404 est
2121 1344 2216 1404 vel
2239 1345 2545 1419 naturalis,
2580 1347 2677 1406 vel

624 1441 970 1510 artificialis»,
1010 1459 1136 1519 cap.
1170 1441 1260 1498 16.
1300 1440 1637 1500 Artificialis
1676 1435 1857 1518 qu'um
1888 1441 2031 1500 locis
2062 1454 2121 1500 et
2152 1440 2501 1522 imaginibus
2530 1463 2677 1502 con-

627 1539 898 1612 tineatur,
917 1538 990 1597 de
1012 1537 1155 1596 iocis
1177 1537 1386 1618 agitur,
1409 1559 1539 1617 cap.
1568 1557 1783 1616 17-19;
1818 1536 1893 1596 de
1917 1535 2287 1618 imaginibus,
2308 1559 2437 1619 cap.
2465 1557 2563 1608 20,
2580 1559 2678 1600 αι.

628 1633 870 1694 Accedit
890 1629 1086 1693 brevis
1112 1631 1429 1713 disputatio
1457 1632 1533 1693 de
1556 1632 1785 1692 diversa
1807 1634 2077 1692 firmitate
2101 1635 2414 1716 imaginum
2436 1635 2681 1718 ejusque

627 1729 843 1802 causis,
889 1741 1017 1810 cap.
1060 1749 1156 1790 αα.
1193 1731 1347 1790 Finit
1385 1729 1637 1809 denique
1680 1743 1886 1790 auctor
1921 1731 1982 1789 in
2022 1730 2409 1812 improbanda
2450 1733 2679 1792 ratione

625 1834 1000 1903 Graecorum,
1041 1828 1144 1906 qui
1180 1829 1498 1888 multorum
1534 1827 1849 1888 verborum
1886 1829 2163 1908 imagines
2193 1829 2678 1912 conscripserint,

630 1944 759 2004 cap.
786 1923 889 1998 23,
924 1924 985 1984 in
1013 1925 1474 1989 commendanda
1504 1927 1789 1987 artificiali
1825 1925 2137 1988 verborum
2181 1927 2492 2000 memoria,
2529 1940 2589 1988 et
2616 1929 2681 1985 in

628 2021 1055 2098 admonitione,
1102 2043 1310 2104 parum
1341 2023 1402 2082 in
1444 2023 1537 2084 his
1570 2021 1747 2084 rebus
1772 2023 2096 2086 doctrinam
2127 2026 2320 2086 valere
2342 2068 2359 2102 ‚
2396 2024 2507 2084 nisi
2542 2025 2678 2084 assi·

629 2117 822 2178 duitas
846 2119 1272 2180 exercitationis
1293 2119 1630 2193 accesserit,
1659 2139 1785 2200 cap.
1806 2127 1903 2188 24.

1774 2402 1799 2429 ⁶!
