2982 4682
756 346 1250 445 oRATomAE'
1280 370 1932 457 PARTITIONAES,
1989 371 2102 442 23.

366 502 441 569 in
466 495 685 569 rebus
709 495 924 582 fides,
947 498 1023 567 in
1045 484 1544 569 moderatione
1570 491 2178 565 animadvertendi
2193 494 2493 581 leuitas,
2593 536 2595 539 <

366 605 675 679 amicitia
708 608 781 677 in
820 606 1395 681 benivolentia1⁴
1432 605 1876 681 nominatur.
2519 616 2522 619 ’

463 720 721 788 XXIII.
788 720 1029 812 Atque
1094 715 1203 787 hae
1261 713 1558 811 quidem
1602 714 1907 783 virtutes
1961 728 2362 783 cernuntur·
2415 714 2494 783 in

369 822 669 921 agendo.
708 828 900 894 Sunt
934 838 1173 896 autem
1222 824 1369 894 aliae
1412 824 1622 921 quasi
1662 823 2008 892 ministrae
2048 824 2493 921 comitesque

370 937 735 1032 sapientiae
778 960 794 1003 :
837 958 1147 1029 quarum
1202 934 1455 1020 altera,
1511 956 1674 1029 quae
1723 934 1866 1003 sint
1923 933 2000 1001 in
2060 922 2532 1029 disputando,

370 1068 539 1113 vera
576 1057 793 1139 atque
842 1040 1015 1113 falsa
1038 1097 1057 1130 ,
1117 1042 1536 1140 quibusque
1592 1043 1842 1139 positis
1903 1040 2112 1139 quid·
2134 1055 2498 1137 sequatur,

371 1152 745 1250 distinguit
805 1166 878 1225 et
925 1152 1237 1245 judicat3
1291 1177 1453 1249 quae
1493 1153 1721 1236 virtus
1776 1151 2012 1221 omnis
2067 1153 2146 1219 in
2214 1151 2499 1221 ratione

372 1263 819 1358 scientiaque
842 1261 1257 1359 disputandi
1297 1263 1429 1333 sita
1466 1274 1577 1333 est
1609 1288 1626 1329 ε
1659 1260 1880 1330 altera
1905 1262 2144 1331 autem
2161 1259 2498 1330 oratoria.

370 1372 563 1445 Nihil
584 1374 775 1443 enim
800 1383 945 1445 est¹
976 1372 1168 1443 aliud
1200 1371 1650 1470 eloquentia,
1675 1371 1816 1440 nisi
1841 1372 2132 1468 copiose
2151 1370 2504 1465 eloquens

372 1482 719 1579 sapientia
764 1510 780 1553 :
824 1506 985 1579 quae
1022 1508 1111 1553 ex
1152 1481 1409 1553 eodem
1457 1481 1714 1553 hausta
1763 1504 2062 1575 genere,
2115 1491 2312 1578 quo²
2347 1478 2501 1565 illa,

372 1614 533 1686 quae
568 1592 643 1660 in
682 1590 1117 1688 disputando
1138 1587 1167 1633 ³
1213 1606 1320 1662 est
1343 1645 1363 1678 ‚
1401 1590 1704 1661 uberior
1737 1604 1848 1661 est
1880 1603 2099 1687 atque
2131 1590 2377 1674 latior,
2431 1604 2506 1659 et

372 1700 463 1770 ad
490 1713 731 1769 motus
762 1702 1173 1771 animorum
1202 1701 1546 1796 vulgique
1579 1724 1833 1770 sensus
1871 1697 2501 1771 accommodatior.

375 1812 637 1880 Custos
662 1833 838 1891 vero
871 1811 1217 1880 virtutum
1255 1810 1625 1905 omnium,
1665 1807 1975 1880 dedecus
1999 1807 2318 1905 fugiens,
2361 1809 2508 1879 lau-

376 1918 691 2019 demque
726 1919 1575 2013 maximeconsequens,
1630 1916 2058 2017 verecundia
2097 1932 2222 1988 est.
2266 1923 2506 2014 A'tque

375 2029 453 2099 hi
490 2040 659 2099 sunt
693 2025 893 2099 fere4
938 2029 1142 2125 quasi
1174 2027 1473 2124 quidam
1507 2025 1800 2098 habitus
1842 2028 2095 2113 animi,
2128 2031 2234 2099 sic
2269 2028 2506 2122 affecti

378 2153 451 2209 et
494 2140 908 2225 constituti,
946 2152 1029 2209 ut
1058 2139 1200 2207 sint
1233 2137 1497 2232 singuli
1535 2139 1726 2217 inter
1770 2160 1845 2206 se
1883 2138 2186 2233 proprio
2227 2140 2508 2209 virtutis

378 2272 641 2346 genere
686 2247 1007 2318 distincti
1047 2274 1063 2317 ε
1103 2270 1145 2317 a
1180 2246 1449 2344 quibus
1495 2263 1579 2318 ut
1621 2271 1928 2345 quaeque
1962 2270 2080 2317 res
2115 2261 2308 2344 gesta
2360 2261 2508 2335 est,
2545 2312 2548 2317 .

305 2359 311 2366 '
376 2359 476 2428 ita
502 2359 591 2428 sit
611 2355 915 2428 honesta
944 2381 1231 2429 necesse
1260 2372 1399 2442 est,
1436 2367 1864 2455 summeque
1892 2355 2292 2428 laudabilis.
2323 2361 2508 2428 Sunt

376 2481 619 2538 autem
660 2469 776 2538 alii
819 2466 1113 2565 quidam
1148 2466 1719 2564 perfecti-animi
1759 2461 2120 2566 habitus-‘2
2159 2467 2253 2539 ad
2286 2471 2504 2538 virtu-

376 2585 521 2650 t'em
560 2579 767 2674 quasi
802 2577 1121 2674 praeculti
1162 2592 1236 2649 et
1269 2581 1642 2676 praeparati
1676 2579 1892 2649 rectis
1939 2576 2195 2649 studiis
2233 2591 2308 2648 et
2337 2581 2506 2648 arti-

377 2688 515 2778 bus
553 2717 568 2758 ε
602 2704 720 2774 ut,
764 2691 837 2758 in
872 2690 1021 2760 suis
1050 2688 1311 2769 rebuS,
1352 2687 1590 2766 studia
1623 2687 2031 2770 literarum,
2065 2701 2144 2758 ut
2170 2711 2511 2758 numero-

377 2822 537 2869 rum
575 2823 657 2869 ac
686 2824 1036 2870 sonorum
1050 2795 1107 2886 ⁶,
1146 2814 1230 2869 ut
1257 2822 1646 2883 mensurae,
1678 2812 1759 2868 ut
1788 2796 2139 2882 siderum,
2170 2812 2250 2866 ut
2283 2821 2509 2894 equo-

377 2933 537 2992 rum
559 2963 579 2995 ‚
616 2923 699 2978 ut
726 2907 1078 2993 venandi,
1108 2922 1191 2978 ut
1214 2930 1614 2992 armorum3
1650 2907 1726 2975 in
1757 2902 2306 2992 communibus,
2339 2929 2508 3003 pro·

377 3017 713 3112 pensiora
768 3014 1003 3086 studia
1034 3019 1140 3084 'in
1195 3015 1439 3111 aliquo
1496 3038 1759 3119 genere
1805 3017 2086 3084 virtutis
2139 3015 2504 3114 praecipue

455 3242 535 3290 14.
555 3231 789 3281 Amicitia
802 3231 853 3280 iu
873 3231 1207 3284 benivolentia.
1219 3233 1389 3284 Schiit-

378 3316 482 3362 zins
502 3314 590 3360 «in
606 3313 817 3362 amicitia
842 3311 1172 3362 benivolentia
1184 3337 1227 3363 υ.

1556 3240 1606 3289 4.
1653 3232 1721 3278 Hi
1762 3243 1878 3279 sum
1898 3229 2032 3294 fere.
2055 3231 2245 3294 Vulgo,
2281 3231 2372 3279 -hi
2393 3241 2511 3280 sunt

1484 3309 1684 3374 qnitlem
1720 3309 1820 3358 sere
1841 3331 1893 3370 ι,
1929 3308 2068 3374 quod
2099 3308 2295 3374 quidem
2321 3325 2511 3374 semper

2349 370 2599 451 601,

446 3394 640 3462 xxm.
650 3407 693 3440 x.
706 3390 845 3439 Nihil
855 3390 982 3439 enim
1004 3403 1093 3440 ese.
1106 3393 1218 3443 Sch.
1237 3415 1261 3437 α
1274 3392 1397 3442 nihil

378 3485 453 3521 eet
468 3473 597 3520 enim
606 3493 648 3518 a.
662 3472 799 3520 Idem
820 3472 941 3522 infr·
962 3471 1167 3536 loquens
1182 3489 1279 3537 pro
1296 3475 1395 3522 elo·

377 3567 529 3615 quens
540 3584 555 3608 ,
572 3561 621 3598 et
636 3551 709 3599 sic
732 3551 920 3600 Erneet.

366 3633 373 3640 ‘
447 3647 496 3680 α.
531 3632 637 3694 Quo
672 3629 779 3680 ma.
800 3627 997 3680 Sehiitz.
1031 3629 1160 3678 delet
1178 3647 1277 3695 quo
1291 3667 1305 3690 ‚
1336 3643 1393 3680 ut

376 3709 463 3758 illa
486 3710 549 3760 eit
573 3709 829 3758 ablativus.

450 3789 501 3838 3.
537 3791 659 3853 Quoe
690 3785 741 3834 ite
776 3786 1068 3850 disputando
1085 3801 1173 3838 ese.
1194 3791 1301 3837 Boc
1319 3801 1393 3838 ese

377 3871 465 3916 MS
483 3869 539 3918 E.
562 3867 725 3926 addit,
748 3877 804 3915 ut
825 3867 937 3916 edd.
953 3872 1081 3917 Ven.
1111 3872 1251 3918 Junt.
1292 3885 1395 3932 quo

376 3949 479 3995 sine
497 3947 653 3995 oratio
669 3957 743 3994 est
768 3945 972 3996 dui-lor:
994 3963 1097 3996 non
1123 3949 1252 3996 enim
1271 3947 1395 3996 tolet

376 4031 427 4074 in
458 4028 547 4074 hae
574 4027 726 4074 sonna
754 4026 933 4074 omitti.
952 4026 1049 4076 Sed
1068 4029 1227 4090 potuit
1247 4029 1393 4076 omit·

379 4109 413 4153 ti
430 4141 446 4164 ,
476 4106 589 4172 quia
608 4121 723 4154 mox
742 4105 974 4168 sequitur.
994 4106 1119 4154 Eun.
1244 4092 1256 4105 ’

1482 3405 1560 3437 me
1587 3389 1823 3449 offendit,
1851 3405 1964 3445 nec,
1981 3389 2034 3436 in
2067 3388 2157 3436 hac
2200 3387 2406 3436 formula
2434 3405 2512 3436 re·

1482 3468 1604 3532 peria
1626 3469 1753 3531 Quin
1775 3480 1824 3517 et
1845 3468 1910 3516 ab
1934 3467 2012 3518 ed.
2031 3470 2159 3518 Ven.
2177 3465 2314 3514 abest
2333 3466 2509 3516 delevi.

1482 3549 1612 3597 Eur.
1627 3573 1695 3584 —··
1716 3546 1911 3596 Schiitz.
1929 3549 2166 3610 sequitur.

1554 3629 1604 3676 51
1645 3626 1858 3690 Perseai
1881 3626 2038 3675 animi
2065 3625 2278 3674 habitus.
2302 3625 2507 3690 Epithe-

1482 3717 1570 3754 ton
1597 3723 1674 3755 me
1699 3707 1824 3756 uolet
1850 3705 2116 3754 offendem.
2139 3703 2410 3754 Commode
2427 3704 2510 3752 eb·
2615 3739 2624 3750 ,

1478 3796 1604 3834 esset
1641 3801 1655 3835 ε
1697 3785 1817 3833 edit.
1856 3787 1984 3833 Ven.
2039 3783 2186 3833 habet
2214 3782 2351 3851 ficei.
2402 3785 2506 3832 En-

1486 3882 1627 3914 ιιι-ι’,
1655 3892 1726 3902 —-
1759 3862 1956 3913 Schiitz.
1979 3863 2162 3914 delevit
2177 3861 2384 3930 peaefecu'
2401 3881 2514 3912 eum

1489 3943 1751 3995 Lambinu-

1556 4026 1610 4075 6.
1653 4027 1974 4072 Numer-orum
2013 4038 2076 4070 ac
2113 4038 2358 4071 sonorum.
2393 4021 2510 4072 1³11.

1486 4104 1576 4152 dat
1618 4115 1670 4152 m
1699 4118 1943 4152 sonorum.
2089 4109 2096 4115 ·
