2982 4682
487 403 626 499 394
1203 407 1891 476 ARGUMENTUM.

641 527 864 595 Quarto
891 520 1114 580 accedit
1143 521 1216 582 ad
1243 525 1708 583 constitutionem
1738 526 2097 602 generalem,
2130 526 2189 582 in
2218 545 2333 602 qua
2362 527 2611 603 primum

565 617 863 697 negotialis
894 617 1159 697 exemplo
1193 621 1529 698 proposito,
1571 639 1697 698 cap.
1723 639 1819 693 αι,
1871 631 1930 678 et
1968 622 2297 699 praeceptis»,
2330 641 2461 699 cap.
2492 643 2599 696 aa,

561 715 900 772 illustratur.
927 714 1151 774 Deinde
1171 715 1551 792 juridicialiS,
1582 718 1641 774 in
1672 736 1787 794 qua
1819 718 1970 794 aequi
1997 731 2053 775 et
2080 717 2265 795 iniqui
2290 730 2522 790 natura,
2549 730 2607 776 et

561 811 783 890 praemii
810 824 907 871 aut
939 831 1122 891 poenae
1158 814 1308 872 ratio
1343 815 1653 892 quan-itur,
1690 814 1929 892 ejusque
1956 827 2151 892 partes
2183 815 2311 874 duae
2347 825 2467 873 tum
2502 813 2602 873 ab·

559 909 778 982 soluta,
811 929 937 988 cap.
972 912 1076 982 23,
1113 924 1235 969 tum
1263 913 1637 991 assumptiva.
1684 916 1754 970 In
1787 913 2141 990 assumptiva
2166 913 2421 991 primum
2448 931 2611 970 com-

558 1005 893 1080 parationis,
923 1021 1051 1083 cap.
1083 1015 1192 1075 24,
1227 1008 1554 1086 exemplum
1590 1017 1651 1064 et
1677 1006 1789 1064 loci
1824 1005 2162 1078 traduntur3
2196 1005 2413 1065 deinde
2442 1005 2613 1064 simili

562 1101 740 1160 modo
771 1103 978 1161 relatio
1009 1101 1298 1172 criminis,
1341 1121 1466 1181 cap.
1502 1101 1726 1173 26-28,
1768 1117 1891 1162 tum
1930 1103 2178 1162 remotio
2222 1103 2478 1162 criminis
2518 1101 2611 1182 (in

562 1217 681 1277 qua
709 1209 832 1257 tum
863 1215 1066 1270 causa,
1093 1219 1219 1276 cap.
1257 1217 1361 1275 29,
1407 1211 1530 1258 tum
1570 1201 1695 1278 ipsa
1738 1219 1862 1272 res,
1916 1219 2046 1280 cap.
2072 1199 2180 1275 30,
2230 1207 2612 1272 removetur),

563 1309 686 1353 tum
731 1295 981 1373 denique
1027 1295 1323 1353 concessio
1371 1307 1783 1373 pertractatur.
1829 1296 2010 1374 Cujus
2045 1296 2179 1356 duae
2208 1309 2401 1374 partes
2432 1307 2567 1354 sunt
2594 1317 2607 1350 :

559 1393 810 1470 primum
837 1392 1139 1470 purgatio,
1169 1393 1261 1450 vel
1294 1409 1368 1451 ex
1395 1392 1786 1472 imprudentia
1807 1437 1824 1466 ,
1853 1393 1945 1451 vel
1977 1411 2049 1452 ex
2080 1411 2248 1465 casu,
2279 1393 2372 1451 vel
2398 1411 2471 1450 ex
2498 1409 2610 1450 ne—

557 1488 933 1562 cessitudine,
961 1507 1087 1567 cap.
1113 1489 1324 1560 31-333
1367 1488 1578 1548 deinde
1608 1489 1972 1567 deprecatio,
2012 1507 2140 1568 cap.
2161 1490 2379 1558 34-36.
2401 1491 2611 1548 Resta-

561 1584 664 1642 bat
691 1575 889 1643 earum
919 1602 1224 1644 causarum
1251 1586 1312 1643 in
1330 1571 1649 1664 juridiciali
1677 1595 1845 1664 parte
1871 1583 2300 1645 constitutionis
2334 1585 2611 1664 generalis

561 1681 870 1758 expositio,
883 1683 945 1740 in
971 1679 1184 1759 quibus
1205 1681 1280 1741 de
1301 1683 1545 1761 praemio
1564 1693 1624 1742 et
1639 1701 1812 1761 poena
1823 1683 2119 1762 quaeritur.
2134 1683 2301 1742 Hanc
2316 1679 2612 1759 subjungit

561 1789 780 1850 orator,
803 1797 932 1857 cap.
963 1780 1154 1855 37-39
1170 1821 1186 1851 ,
1204 1778 1287 1838 ita
1307 1791 1518 1855 tamen,
1534 1791 1600 1837 ut
1617 1779 1693 1838 de
1707 1780 1931 1857 praemii
1952 1789 2177 1837 tantum
2198 1779 2431 1837 ratione
2462 1790 2607 1856 agat.

636 1875 912 1951 Sequitur
931 1876 1095 1935 locus
1119 1876 1191 1934 de
1222 1875 1314 1934 his
1341 1876 1926 1954 controversiis,quae
1952 1877 2013 1934 in
2040 1875 2261 1954 scripto
2282 1887 2607 1935 versantur.

637 1971 748 2029 Hic
767 1973 1023 2050 primum
1045 1974 1360 2052 exponitur
1385 1971 1785 2034 controversia
1815 1993 1888 2032 ex
1914 1971 2187 2050 ambiguo
2202 2018 2219 2047 ,
2246 1991 2373 2050 cap.
2396 1981 2492 2041 100,
2518 1977 2611 2042 413

556 2067 769 2127 deinde
785 2057 892 2142 ea,
918 2089 1047 2147 quae
1073 2089 1147 2129 ex
1169 2071 1392 2148 scripto
1419 2081 1478 2129 et
1500 2069 1788 2129 sententia
1812 2069 2071 2128 constitit
2086 2111 2103 2138 ‚
2136 2087 2261 2148 cap.
2290 2077 2362 2137 4²
2378 2111 2395 2140 ,
2414 2068 2475 2126 in
2494 2085 2611 2145 quo

558 2164 858 2242 scriptoris
885 2166 1170 2225 sententia
1191 2165 1267 2225 ab
1284 2185 1356 2226 eo
1371 2210 1388 2238 ,
1417 2165 1521 2243 qui
1542 2166 1829 2225 sententia
1850 2182 1913 2224 se
1934 2165 2212 2240 defendit,
2236 2177 2359 2223 tum
2386 2181 2611 2244 semper

449 2311 457 2320 .
557 2261 631 2320 ad
652 2257 807 2321 idem
829 2275 1091 2343 spectare
1111 2263 1562 2336 demonstratur,
1582 2272 1705 2323 tum
1730 2272 1831 2323 aut
1854 2279 1927 2322 ex
1952 2263 2106 2322 facto
2122 2307 2139 2335 ,
2168 2273 2268 2349 aut
2298 2279 2373 2320 ex
2398 2274 2610 2320 eventu

557 2360 754 2437 aliquo
783 2360 856 2419 ad
887 2370 1113 2440 tempus
1137 2362 1625 2421 accommodatur.
1648 2366 1985 2440 Sequuntur
2010 2360 2124 2419 loci
2150 2360 2303 2438 ejus,
2336 2360 2437 2439 qui
2464 2358 2607 2417 scri-

557 2470 722 2534 ptum
755 2458 1048 2532 defendit,
1079 2476 1204 2537 cap.
1236 2458 1449 2529 43-46,
1489 2467 1549 2518 et
1576 2456 1727 2536 ejuS,
1756 2459 1859 2537 qui
1886 2470 2088 2518 contra
2121 2457 2401 2536 scriptum
2433 2454 2605 2518 dicit,

553 2573 682 2632 cap.
713 2564 806 2627 47,
835 2572 971 2613 cum
997 2555 1138 2613 iocis
1167 2534 1574 2613 communibus
1605 2556 1940 2633 utriusque,
1983 2572 2110 2633 cap.
2144 2556 2236 2624 48.
2278 2554 2431 2613 Turn
2462 2571 2608 2611 con-

559 2651 839 2710 troversia
867 2666 995 2730 quae
1027 2668 1101 2709 ex
1127 2651 1434 2711 contrariis
1463 2646 1688 2729 legibus
1717 2653 1988 2724 nascitur,
2010 2667 2136 2730 cap.
2167 2657 2273 2729 109,
2302 2662 2363 2710 et
2384 2668 2514 2729 quae
2536 2669 2607 2708 ex

555 2748 1020 2819 ratiocinatione,
1031 2768 1170 2829 rap.
1194 2748 1300 2823 So;
1327 2750 1579 2827 denique
1606 2766 1700 2822 ea,
1727 2766 1855 2827 quae
1888 2768 1962 2808 ex
1988 2747 2326 2806 definitione
2351 2746 2604 2816 exsistit,

555 2861 682 2924 cap.
711 2845 808 2917 51,
841 2856 1250 2925 pertractatur.

633 2948 924 3007 Hactenus
957 2943 1029 3001 de
1066 2941 1689 3021 argumentationibus,
1725 2960 1855 3019 quae
1883 2945 1945 3001 in
1970 2940 2249 3019 judiciale
2286 2960 2463 3019 genus
2505 2958 2601 2997 ac-

557 3042 1021 3101 commodantur.
1147 3116 1154 3123 .

635 3136 919 3217 Deinceps
937 3138 1128 3217 agitur
1148 3137 1223 3195 de
1242 3153 1452 3215 genere
1471 3134 1853 3194 deliberativo
1873 3156 1939 3193 ac
1953 3134 2425 3205 demonstrativo,
2448 3152 2494 3189 c.
2513 3128 2603 3188 52.

635 3239 704 3293 In
727 3235 1108 3294 deliberativo
1135 3250 1346 3311 genere
1373 3232 1654 3309 quaeritur
1681 3232 1754 3291 de
1778 3232 1873 3304 iis,
1897 3250 2025 3310 quae
2052 3228 2325 3303 honesta,
2353 3246 2482 3307 quae
2502 3224 2607 3285 bo-

557 3342 719 3391 nesta
749 3345 808 3391 et
831 3332 1028 3405 utilia,
1065 3344 1124 3390 et
1155 3348 1284 3408 quse
1311 3329 1476 3388 utilia
1502 3330 1649 3403 sint,
1698 3350 1827 3407 cap.
1864 3328 1956 3387 53.
2004 3330 2207 3405 Itaque
2251 3327 2503 3405 primum
2535 3324 2610 3384 de

561 3445 769 3508 genere
795 3430 1133 3497 honestatis,
1158 3426 1321 3506 quod
1347 3426 1505 3484 omni
1530 3443 1599 3485 ex
1624 3439 1788 3505 parte
1810 3438 2053 3504 propter
2080 3444 2142 3483 se
2166 3424 2406 3503 petitur,
2429 3438 2478 3485 c.
2503 3418 2607 3491 543

560 3526 770 3586 deinde
797 3527 870 3587 de
891 3528 1176 3595 honesto,
1205 3524 1301 3584 cui
1329 3522 1549 3582 utilitas
1574 3524 1848 3601 adjuncta
1876 3534 1994 3593 est,
2022 3536 2147 3599 cap.
2170 3520 2276 3593 553
2316 3529 2611 3599 postremo

557 3621 630 3684 de
657 3626 906 3685 utilitate
940 3624 1149 3705 agitur,
1173 3644 1224 3682 c.
1251 3622 1343 3681 56.
1379 3624 1456 3679 Et
1479 3622 1753 3698 quoniam
1781 3618 1873 3679 his
1904 3618 2091 3681 tribus
2118 3616 2415 3677 attributae
2447 3628 2611 3674 erant

557 3722 921 3782 necessitudo
953 3735 1010 3780 et
1041 3721 1300 3787 affectio,
1349 3718 1422 3775 de
1457 3716 1885 3777 necessitudine
1929 3718 2161 3789 dicitur,
2212 3736 2337 3794 cap.
2384 3713 2493 3785 573
2537 3711 2615 3770 de

565 3822 875 3880 affectione
893 3866 909 3891 ,
931 3838 1062 3900 cap.
1089 3816 1180 3879 58.

639 3919 860 3978 Ultimo
885 3918 1015 3975 loco
1045 3917 1122 3974 dc
1154 3934 1362 3996 genere.
1395 3914 1850 3975 demonstrativo
1882 3910 2137 3971 breviter
2172 3912 2503 3989 exponitur,
2531 3908 2607 3964 ita

565 4028 626 4072 ut
651 4016 766 4073 loci
783 4014 1020 4073 laudum
1043 4024 1099 4071 et
1125 4011 1619 4089 vituperationum
1641 4010 2128 4080 demonstrentur,
2152 4028 2201 4066 c.
2228 4002 2302 4083 59
2322 4050 2338 4077 ,
2374 4018 2609 4081 totaque

564 4110 876 4189 disputatio
908 4110 980 4167 de
1011 4109 1340 4167 inventione
1367 4106 1655 4166 rhetorica
1678 4104 1890 4178 finitur,
1920 4122 2045 4182 cap.
2074 4106 2172 4161 60.

1102 4244 1995 4277 —----—===3=-———--—-
