2982 4682
817 403 938 470 DE
987 405 1592 495 INVENTIONE,
1644 413 1918 483 LIBER
1967 418 2036 500 I,
2083 439 2148 511 7.
2408 449 2532 520 291

428 520 798 616 ingeniose
836 536 909 592 et
944 522 1321 621 diligenter
1356 527 1616 600 electas
1643 555 1758 602 res
1795 533 2213 626 collocasse,
2251 557 2324 611 et
2360 563 2546 617 non-'

432 629 609 699 nihil
646 631 799 728 ipse
838 657 1132 729 quoque
1169 638 1339 705 novi
1380 639 1806 735 protulisse:
1833 667 2083 714 verum
2118 653 2385 721 oratori
2420 657 2547 725 mi·

430 739 707 809 nimum
738 755 845 811 est
874 740 965 812 de
996 757 1147 814 arte
1177 744 1411 842 loqui,
1438 749 1636 843 quod
1668 749 1784 821 hic
1821 749 2020 841 fecit3
2065 757 2296 828 multo
2334 767 2548 835 maxi-

432 873 629 919 mum
679 874 768 920 ex
824 865 977 921 arte
1034 849 1312 941 dicere,
1370 857 1568 951 quod
1626 881 1791 930 eum
1853 864 2146 936 minime
2195 871 2546 964 potuisse,

428 983 681 1030 omnes
732 960 1074 1032 videmus.
1128 963 1332 1059 (vu.)
1383 969 1622 1056 Quare
1663 972 1955 1041 materia
1993 975 2284 1069 quidem
2337 979 2548 1053 nobis

428 1069 804 1142 rhetoricae
867 1069 1151 1142 videtur
1206 1099 1287 1144 ea
1312 1128 1331 1161 ,
1392 1099 1608 1171 quam
1688 1081 2046 1152 Aristoteli
2105 1087 2325 1156 visam
2393 1113 2544 1162 esse

426 1179 739 1252 diximus
761 1191 843 1249 ¹².

522 1293 673 1361 VII.
722 1294 967 1376 Partes
1014 1307 1251 1363 autem
1293 1293 1403 1364 hae
1450 1303 1659 1365 sunt¹
1684 1351 1703 1382 ,
1741 1323 1919 1394 quas
1963 1301 2293 1400 plerique
2347 1305 2544 1380 dixe-

424 1411 632 1485 runt,
674 1399 1031 1488 inventi0,
1083 1399 1496 1499 dispositio,
1550 1404 1902 1496 elocutiO‚
1953 1415 2332 1502 memoria,
2368 1440 2544 1514 pro-

426 1508 802 1578 nuntiatio,
844 1511 1174 1580 Inventio
1222 1523 1370 1582 est²
1418 1518 1846 1611 excogitatio
1895 1542 2138 1590 rerum
2177 1546 2546 1615 verarum,

426 1631 547 1687 aut
604 1619 1093 1689 verisimilium
1114 1673 1133 1707 ,
1180 1644 1343 1717 quae
1392 1645 1676 1693 causam
1723 1623 2175 1722 probabilem
2219 1631 2544 1706 reddant.

424 1727 811 1822 Dispositio
836 1723 864 1770 ³
912 1742 1019 1814 est
1052 1753 1297 1798 rerum
1341 1730 1792 1801 inventarum
1830 1734 1906 1802 in
1939 1736 2268 1810 ordinem
2305 1740 2544 1814 distri·

421 1833 629 1905 butio
644 1840 699 1906 4.
739 1835 1121 1909 Elocutio⁵
1162 1852 1266 1908 est
1302 1837 1732 1911 idoneorum
1781 1841 2172 1916 verborum
2197 1903 2216 1936 ,
2267 1867 2342 1922 et
2383 1878 2546 1924 sen-

422 1946 807 2016 tentiarum
832 1944 864 1990 ⁶
904 1947 992 2016 ad
1032 1949 1520 2018 inventionem
1565 1954 2147 2025 accommodatio.
2194 1962 2544 2036 Memoria

421 2070 529 2127 est
556 2053 763 2126 firma
799 2059 1014 2126 animi
1042 2081 1289 2129 rerum
1326 2081 1407 2127 ac
1444 2057 1830 2129 verborum
1871 2059 2003 2132 ad⁷
2047 2065 2538 2143 inventionem

419 2235 729 2295 Gulielmius,
764 2235 1115 2300 antiquissimis
1144 2235 1429 2304 artificibus.

419 2317 589 2364 Gaur.

1519 2237 1625 2304 μία..
1651 2241 1857 2289 Auctori
1879 2243 1942 2290 ad
1963 2245 2084 2292 Her.
2111 2267 2132 2289 ι
2152 2246 2291 2294 Ordo
2311 2260 2361 2297 et
2378 2249 2540 2300 distri-

1521 2317 1662 2366 butio
1687 2335 1846 2367 rernm
1864 2344 1902 2369 n.

490 2412 573 2445 n.
598 2398 755 2459 tham
778 2394 1034 2444 Aristoteli
1050 2396 1211 2443 visam
1240 2412 1343 2445 esse
1360 2396 1433 2443 de·-
1593 2409 1644 2456 4.
1683 2402 1746 2447 In
1789 2401 2009 2450 ordinem
2047 2402 2340 2456 distributio.
2380 2410 2536 2472 Quod

417 2474 592 2521 xitum.
612 2474 739 2521 Vide
763 2490 907 2539 supra
930 2490 1035 2539 cap.
1067 2476 1115 2523 5.

485 2556 597 2601 Vn.
633 2570 679 2603 ι.
711 2556 767 2601 Ρ.
790 2570 843 2601 a.
876 2553 954 2601 lue
986 2564 1113 2601 sunt.
1145 2556 1262 2603 Ern.
1288 2570 1433 2618 quem

413 2630 670 2680 Schiitzius
708 2643 941 2695 sequutus
970 2644 1069 2689 est,
1098 2632 1229 2680 delet
1264 2648 1431 2681 vocem

414 2722 529 2758 sune
551 2728 567 2758 .·
599 2713 669 2758 sic
685 2746 699 2770 ,
724 2712 912 2774 iuquit,
934 2712 1055 2758 MSS
1078 2711 1328 2771 meliores,
1357 2724 1429 2760 at·

416 2806 511 2853 que
526 2792 593 2838 ita
610 2791 818 2855 requirit
836 2790 1117 2854 praeeedens
1132 2790 1341 2854 quidem.
1370 2794 1431 2840 Et

412 2870 589 2920 Cicero
612 2870 858 2918 materiam
902 2879 949 2916 et
978 2881 1139 2933 partes
1172 2870 1431 2930 coniuncte
1466 2890 1471 2897 ·

418 2950 664 3009 tractavit,
694 2960 750 2997 ut
784 2959 898 3013 post
928 2950 1033 3014 ipse
1058 2949 1194 2997 dicit.
1223 2949 1350 3010 Quia
1372 2949 1431 2995 li-

411 3028 559 3077 brarii
586 3041 635 3078 et
660 3030 873 3093 magistri
910 3029 997 3076 ista
1015 3029 1069 3075 in
1092 3028 1249 3092 capita
1270 3044 1431 3075 secue-

406 3118 551 3167 runt,
576 3109 887 3172 feceruntque
927 3106 1059 3155 aliud
1098 3108 1159 3154 de
1200 3108 1399 3155 materia
1412 3144 1428 3167 ‚

415 3185 547 3233 aliud
587 3186 649 3234 de
692 3185 942 3251 partibus,
981 3184 1275 3232 addiderunt
1307 3186 1356 3231 h.
1389 3186 1423 3232 l.

415 3276 545 3325 sune,
568 3275 625 3313 ut
646 3266 763 3312 novi
783 3266 1053 3329 argumenti
1076 3264 1267 3311 initium
1287 3274 1426 3312 esset.

414 3344 543 3392 Eun.
564 3372 635 3380 —
660 3344 881 3391 Ceterum
897 3378 910 3402 ,
943 3344 1102 3406 inquit
1146 3339 1398 3390 Schiitzius
1413 3377 1425 3399 ‚

368 3418 371 3421 ⁴
414 3438 559 3486 quum
582 3424 635 3471 h.
657 3423 690 3474 l.
714 3424 889 3470 diserte
906 3423 1123 3487 quinque
1142 3432 1303 3485 partes
1315 3436 1429 3467 enu-

308 3548 311 3553 .
412 3512 561 3549 meret
604 3502 891 3565 eloquentiae
908 3538 921 3560 ‚
959 3503 1133 3548 mirum
1169 3510 1270 3559 est,
1304 3498 1425 3562 quid

412 3581 500 3636 sit,
527 3580 661 3643 quod
688 3580 1037 3642 Quintilianus,
1066 3582 1185 3627 Inst.
1208 3581 1293 3627 Or.
1321 3580 1427 3637 111,

417 3658 444 3703 3
462 3694 476 3719 ,
504 3659 537 3705 6
554 3692 568 3715 ,
596 3659 876 3706 Ciceronem
906 3660 955 3705 in
998 3658 1273 3707 Rhetoricis
1292 3656 1426 3718 judi-

414 3738 539 3783 cium
568 3736 828 3797 subjecisse
855 3738 1123 3786 inventioni
1147 3738 1289 3785 dicat.
1332 3736 1427 3783 Sed

414 3814 473 3862 de
490 3816 579 3863 hnc
603 3832 653 3862 re
684 3816 1039 3880 disputavimus
1058 3816 1107 3862 in
1130 3817 1428 3878 prolegome-

414 3894 499 3941 nis.
523 3897 637 3941 Sca.

483 3990 529 4019 2.
550 3970 769 4021 Iuventio
789 3986 873 4021 ese.
897 3976 1077 4021 Graecis
1096 3986 1164 4023 est
1186 3976 1217 4027 ἦ
1234 3974 1427 4040 εὕρεσις.

411 4051 585 4099 Iisdem
628 4052 787 4099 verbis
816 4050 1053 4100 definitur
1083 4054 1143 4100 ed
1170 4056 1284 4102 Her.
1308 4054 1357 4110 1,
1378 4054 1426 4099 a.

483 4132 530 4177 3.
562 4130 835 4195 Dispositio.
872 4134 1053 4179 Graecis
1088 4144 1159 4179 est
1192 4131 1221 4184 ἠ
1255 4131 1429 4181 ninove-

1520 2476 1745 2527 Oudeud.
1773 2496 1800 2526 e
1825 2481 2038 2531 scholio
2079 2482 2192 2531 cod.
2231 2485 2365 2535 Leid.
2395 2488 2538 2537 affert

1512 2572 1607 2619 per
1643 2558 1891 2618 ordinem,
1932 2560 1984 2607 id
2019 2572 2090 2608 est
2119 2562 2172 2609 in
2211 2563 2327 2617 edd.
2363 2566 2536 2629 primis

1519 2652 1673 2700 usque
1698 2638 1761 2684 ad
1787 2636 1992 2699 Afflum,
2012 2642 2098 2704 qui
2117 2642 2314 2691 induxit
2329 2644 2382 2693 in
2403 2645 2534 2694 ordi·-

1517 2730 1642 2763 nem.
1671 2714 1798 2787 Mihi
1842 2716 2091 2765 latinitatis
2135 2722 2260 2769 ratio
2302 2722 2493 2771 obstitit
2515 2758 2532 2785 ,

1518 2794 1778 2855 quominus
1811 2794 1930 2843 illud
1975 2798 2273 2861 reciperem:
2300 2800 2435 2850 aliud
2461 2814 2534 2853 est

1519 2869 1799 2919 disvibuere
1827 2872 1876 2920 in
1889 2908 1904 2930 ,
1935 2890 1979 2921 v.
2003 2892 2045 2922 e.
2065 2888 2248 2939 portes,
2270 2879 2402 2928 aliud
2427 2898 2533 2946 per,

1518 2964 1568 2994 v.
1598 2966 1641 2995 c.
1664 2950 1882 3009 ordines,
1907 2952 2097 3001 classes.
2119 2956 2246 3005 Eut.

1593 3028 1642 3075 5.
1673 3027 1910 3077 Elocueio.
1928 3031 2134 3095 Graecis,
2153 3034 2184 3089 ἧ
2203 3034 2370 3102 φράσις
2383 3074 2398 3100 ,
2413 3039 2446 3095 ἡ
2465 3041 2535 3108 tp·
2612 3092 2618 3099 ,

1516 3103 1710 3170 naveta,
1732 3105 1764 3159 ἡ
1789 3106 2080 3179 ἀπαγγελία..
2118 3118 2323 3164 Auctori
2344 3118 2406 3166 ad
2427 3122 2532 3169 He-

1517 3186 1738 3231 rennium
1769 3182 1940 3235 iisdem
1976 3188 2050 3237 his
2081 3194 2238 3243 verbis
2267 3196 2529 3262 definitur,

1514 3279 1656 3326 quem
1683 3264 1819 3323 vide,
1843 3270 1867 3313 Ι
1885 3302 1900 3325 ,
1929 3284 1976 3315 2.

1586 3344 1636 3390 6.
1664 3344 2030 3395 Sententiarum.
2049 3354 2152 3400 Τῶν
2174 3347 2408 3413 διανοιῶν,
2431 3359 2530 3406 vul·

1515 3438 1580 3485 go
1615 3422 1698 3468 des
1721 3424 1946 3487 pendes,
1975 3444 2075 3475 non
2102 3442 2262 3479 autem
2293 3438 2386 3482 τῶν
2413 3452 2536 3504 γνω-

1514 3504 1616 3565 μῶν
1634 3535 1646 3557 ,
1674 3518 1793 3563 quas
1819 3520 2046 3553 vocemus
2066 3520 2334 3565 sentences,
2364 3515 2531 3563 maxe·-

1516 3596 1640 3635 mes,
1668 3590 1760 3627 etc.
1785 3583 1950 3630 Latina
1981 3600 2078 3631 vox
2103 3597 2360 3652 utrumque
2385 3592 2532 3656 signi-

1515 3657 1644 3705 fieat.
1671 3658 1798 3705 Vide
1813 3662 2023 3722 Quintil.
2058 3680 2166 3727 pag.
2189 3668 2314 3723 322,
2339 3680 2446 3718 not.
2475 3672 2532 3732 θ’,

1518 3748 1564 3783 et
1587 3734 1695 3801 pag.
1719 3738 1816 3785 505
1835 3774 1849 3797 ,
1877 3752 1975 3788 not.
2007 3759 2049 3799 1,
2072 3758 2099 3788 2
2115 3780 2130 3803 ,
2154 3744 2202 3793 3.
2223 3746 2442 3794 Carrtn.

1593 3834 1638 3876 7.
1677 3818 1762 3863 Ad
1792 3817 2128 3869 inventionem.
2173 3822 2367 3873 Schiitz.
2411 3825 2537 3877 delet

1523 3896 1594 3941 ad
1608 3897 1928 3943 inc-cntionem
1943 3934 1957 3957 ,
1980 3912 2179 3947 auctore
2200 3902 2432 3952 Lambiao
2445 3940 2459 3965 ,
2487 3918 2536 3955 et

1521 3992 1676 4040 nuper
1698 3977 1942 4039 Pin-goldo
1961 4014 1973 4035 ‚
2003 3989 2054 4025 nt
2086 3980 2204 4025 vitio
2231 3981 2534 4032 librariorum

1521 4070 1579 4100 ex
1598 4054 1992 4102 antecedentibus
2007 4057 2286 4118 repetitum.
2301 4060 2532 4111 lambino

1519 4134 1571 4179 in
1597 4144 1804 4180 mentem
1834 4144 2028 4180 venerat
2047 4168 2061 4193 ‚
2087 4144 2140 4182 ut
2167 4136 2536 4191 substitueretur

2183 4256 2286 4327 19.
