<?xml version="1.0" encoding="UTF-8"?>
<!DOCTYPE html PUBLIC "-//W3C//DTD XHTML 1.0 Transitional//EN"
    "http://www.w3.org/TR/xhtml1/DTD/xhtml1-transitional.dtd">
<html xmlns="http://www.w3.org/1999/xhtml" xml:lang="en" lang="en">
 <head>
  <title>
</title>
<meta http-equiv="Content-Type" content="text/html;charset=utf-8" />
  <meta name='ocr-system' content='tesseract 3.04.00' />
  <meta name='ocr-capabilities' content='ocr_page ocr_carea ocr_par ocr_line ocrx_word'/>
</head>
<body>
  <div class='ocr_page' id='page_1' title='image "./mtciceronisquae07lemagoog_0632.png"; bbox 0 0 2982 4682; ppageno 0'>
   <div class='ocr_carea' id='block_1_1' title="bbox 568 398 2720 3142">
    <p class='ocr_par' dir='ltr' id='par_1_1' title="bbox 574 398 2018 471">
     <span class='ocr_line' id='line_1_1' title="bbox 574 398 2018 471; baseline -0.001 -2"><span class='ocrx_word' id='word_1_1' title='bbox 574 400 718 469; x_wconf 78' lang='lat'><strong>608</strong></span> <span class='ocrx_word' id='word_1_2' title='bbox 1258 398 1355 466; x_wconf 90' lang='lat' dir='ltr'><strong>M.</strong></span> <span class='ocrx_word' id='word_1_3' title='bbox 1404 400 1482 467; x_wconf 88' lang='lat' dir='ltr'><strong>T.</strong></span> <span class='ocrx_word' id='word_1_4' title='bbox 1533 400 2018 471; x_wconf 81' lang='lat' dir='ltr'>CICERONIS</span> 
     </span>
    </p>

    <p class='ocr_par' dir='ltr' id='par_1_2' title="bbox 572 520 2708 1361">
     <span class='ocr_line' id='line_1_2' title="bbox 574 520 2704 619; baseline 0.002 -27"><span class='ocrx_word' id='word_1_5' title='bbox 574 537 647 593; x_wconf 88' lang='lat' dir='ltr'><strong>et</strong></span> <span class='ocrx_word' id='word_1_6' title='bbox 682 544 869 617; x_wconf 82' lang='lat' dir='ltr'><strong>saepe</strong></span> <span class='ocrx_word' id='word_1_7' title='bbox 906 534 1033 590; x_wconf 86' lang='lat' dir='ltr'><strong>aut</strong></span> <span class='ocrx_word' id='word_1_8' title='bbox 1068 520 1467 615; x_wconf 78' lang='lat' dir='ltr'><strong>major,&#39;aut</strong></span> <span class='ocrx_word' id='word_1_9' title='bbox 1496 525 1760 607; x_wconf 87' lang='lat' dir='ltr'><strong>minor,</strong></span> <span class='ocrx_word' id='word_1_10' title='bbox 1795 534 1878 591; x_wconf 85' lang='lat' dir='ltr'><strong>ut</strong></span> <span class='ocrx_word' id='word_1_11' title='bbox 1903 535 1977 592; x_wconf 84' lang='lat' dir='ltr'><strong>et</strong></span> <span class='ocrx_word' id='word_1_12' title='bbox 2013 522 2131 592; x_wconf 85' lang='lat' dir='ltr'><strong>ina</strong></span> <span class='ocrx_word' id='word_1_13' title='bbox 2153 532 2240 608; x_wconf 85' lang='lat'><strong>¹²,</strong></span> <span class='ocrx_word' id='word_1_14' title='bbox 2273 548 2441 619; x_wconf 83' lang='lat' dir='ltr'><strong>quae</strong></span> <span class='ocrx_word' id='word_1_15' title='bbox 2481 527 2704 596; x_wconf 85' lang='lat' dir='ltr'><strong>maxi-</strong></span> 
     </span>
     <span class='ocr_line' id='line_1_3' title="bbox 572 624 2702 727; baseline 0.001 -26"><span class='ocrx_word' id='word_1_16' title='bbox 572 655 771 701; x_wconf 82' lang='lat' dir='ltr'><strong>mam</strong></span> <span class='ocrx_word' id='word_1_17' title='bbox 796 624 939 700; x_wconf 78' lang='lat' dir='ltr'><strong>v&#39;im</strong></span> <span class='ocrx_word' id='word_1_18' title='bbox 975 628 1229 717; x_wconf 85' lang='lat' dir='ltr'><strong>habet,</strong></span> <span class='ocrx_word' id='word_1_19' title='bbox 1266 628 1417 699; x_wconf 83' lang='lat' dir='ltr'><strong>sola</strong></span> <span class='ocrx_word' id='word_1_20' title='bbox 1458 654 1644 727; x_wconf 82' lang='lat' dir='ltr'><strong>saepe</strong></span> <span class='ocrx_word' id='word_1_21' title='bbox 1679 654 1891 701; x_wconf 81' lang='lat' dir='ltr'><strong>causa</strong></span> <span class='ocrx_word' id='word_1_22' title='bbox 1927 632 2228 701; x_wconf 86' lang='lat' dir='ltr'><strong>dicatur.</strong></span> <span class='ocrx_word' id='word_1_23' title='bbox 2247 637 2435 703; x_wconf 87' lang='lat' dir='ltr'><strong>Sunt</strong></span> <span class='ocrx_word' id='word_1_24' title='bbox 2457 648 2702 704; x_wconf 81' lang='lat' dir='ltr'><strong>autem</strong></span> 
     </span>
     <span class='ocr_line' id='line_1_4' title="bbox 574 739 2706 840; baseline 0.001 -29"><span class='ocrx_word' id='word_1_25' title='bbox 574 739 727 811; x_wconf 82' lang='lat' dir='ltr'><strong>aliae</strong></span> <span class='ocrx_word' id='word_1_26' title='bbox 760 764 1025 827; x_wconf 77' lang='lat' dir='ltr'><strong>causae,</strong></span> <span class='ocrx_word' id='word_1_27' title='bbox 1060 763 1223 835; x_wconf 84' lang='lat' dir='ltr'><strong>quae</strong></span> <span class='ocrx_word' id='word_1_28' title='bbox 1258 753 1381 809; x_wconf 83' lang='lat' dir='ltr'><strong>aut</strong></span> <span class='ocrx_word' id='word_1_29' title='bbox 1408 754 1708 836; x_wconf 84' lang='lat' dir='ltr'><strong>propter</strong></span> <span class='ocrx_word' id='word_1_30' title='bbox 1733 741 2170 838; x_wconf 84' lang='lat' dir='ltr'><strong>principium</strong></span> <span class='ocrx_word' id='word_1_31' title='bbox 2192 796 2210 826; x_wconf 91' lang='lat'>‚</span> <span class='ocrx_word' id='word_1_32' title='bbox 2247 756 2374 811; x_wconf 87' lang='lat' dir='ltr'><strong>aut</strong></span> <span class='ocrx_word' id='word_1_33' title='bbox 2401 758 2706 840; x_wconf 80' lang='lat' dir='ltr'><strong>propter·</strong></span> 
     </span>
     <span class='ocr_line' id='line_1_5' title="bbox 580 847 2704 947; baseline 0.001 -28"><span class='ocrx_word' id='word_1_34' title='bbox 580 852 891 935; x_wconf 83' lang='lat' dir='ltr'><strong>exitum,</strong></span> <span class='ocrx_word' id='word_1_35' title='bbox 938 847 1405 919; x_wconf 87' lang='lat' dir='ltr'><strong>conficientes</strong></span> <span class='ocrx_word' id='word_1_36' title='bbox 1442 864 1814 919; x_wconf 85' lang='lat' dir='ltr'><strong>vocantur.</strong></span> <span class='ocrx_word' id='word_1_37' title='bbox 1859 853 2105 939; x_wconf 89' lang='lat' dir='ltr'><strong>Quum</strong></span> <span class='ocrx_word' id='word_1_38' title='bbox 2154 866 2394 923; x_wconf 82' lang='lat' dir='ltr'><strong>autem</strong></span> <span class='ocrx_word' id='word_1_39' title='bbox 2439 855 2704 947; x_wconf 82' lang='lat' dir='ltr'><strong>quaeri-</strong></span> 
     </span>
     <span class='ocr_line' id='line_1_6' title="bbox 575 956 2704 1057; baseline 0 -26"><span class='ocrx_word' id='word_1_40' title='bbox 575 976 720 1048; x_wconf 67' lang='grc' dir='ltr'><strong>ων,</strong></span> <span class='ocrx_word' id='word_1_41' title='bbox 761 959 941 1057; x_wconf 88' lang='lat' dir='ltr'><strong>quid</strong></span> <span class='ocrx_word' id='word_1_42' title='bbox 990 962 1081 1031; x_wconf 88' lang='lat' dir='ltr'><strong>sit</strong></span> <span class='ocrx_word' id='word_1_43' title='bbox 1132 961 1497 1055; x_wconf 87' lang='lat' dir='ltr'><strong>optimum</strong></span> <span class='ocrx_word' id='word_1_44' title='bbox 1525 956 1758 1045; x_wconf 80' lang='lat' dir='ltr'><strong>factu3</strong></span> <span class='ocrx_word' id='word_1_45' title='bbox 1807 973 1932 1029; x_wconf 90' lang='lat' dir='ltr'><strong>aut</strong></span> <span class='ocrx_word' id='word_1_46' title='bbox 1981 959 2252 1030; x_wconf 80' lang='lat' dir='ltr'><strong>utilitas</strong></span> <span class='ocrx_word' id='word_1_47' title='bbox 2281 1014 2303 1049; x_wconf 86' lang='lat'>,</span> <span class='ocrx_word' id='word_1_48' title='bbox 2359 976 2484 1031; x_wconf 86' lang='lat' dir='ltr'><strong>aut</strong></span> <span class='ocrx_word' id='word_1_49' title='bbox 2538 984 2704 1057; x_wconf 86' lang='lat' dir='ltr'><strong>spes</strong></span> 
     </span>
     <span class='ocr_line' id='line_1_7' title="bbox 578 1066 2704 1167; baseline 0 -27"><span class='ocrx_word' id='word_1_50' title='bbox 578 1068 937 1140; x_wconf 87' lang='lat' dir='ltr'><strong>efficiendi</strong></span> <span class='ocrx_word' id='word_1_51' title='bbox 968 1068 1057 1139; x_wconf 84' lang='lat' dir='ltr'><strong>ad</strong></span> <span class='ocrx_word' id='word_1_52' title='bbox 1090 1066 1626 1139; x_wconf 83' lang='lat' dir='ltr'><strong>assentiendum</strong></span> <span class='ocrx_word' id='word_1_53' title='bbox 1665 1068 1969 1165; x_wconf 77' lang='lat' dir='ltr'><strong>impeilit</strong></span> <span class='ocrx_word' id='word_1_54' title='bbox 2003 1073 2303 1139; x_wconf 78' lang='lat' dir='ltr'><strong>animos,</strong></span> <span class='ocrx_word' id='word_1_55' title='bbox 2343 1074 2466 1158; x_wconf 90' lang='lat' dir='ltr'><strong>Et,</strong></span> <span class='ocrx_word' id='word_1_56' title='bbox 2515 1094 2704 1167; x_wconf 89' lang='lat' dir='ltr'><strong>quo-</strong></span> 
     </span>
     <span class='ocr_line' id='line_1_8' title="bbox 578 1176 2708 1269; baseline 0 -20"><span class='ocrx_word' id='word_1_57' title='bbox 578 1180 771 1250; x_wconf 87' lang='lat' dir='ltr'><strong>niam</strong></span> <span class='ocrx_word' id='word_1_58' title='bbox 806 1177 898 1249; x_wconf 90' lang='lat' dir='ltr'><strong>de</strong></span> <span class='ocrx_word' id='word_1_59' title='bbox 947 1178 1249 1249; x_wconf 86' lang='lat' dir='ltr'><strong>utilitate</strong></span> <span class='ocrx_word' id='word_1_60' title='bbox 1298 1178 1441 1269; x_wconf 88' lang='lat' dir='ltr'><strong>jam</strong></span> <span class='ocrx_word' id='word_1_61' title='bbox 1500 1178 1852 1263; x_wconf 83' lang='lat' dir='ltr'><strong>diximus,</strong></span> <span class='ocrx_word' id='word_1_62' title='bbox 1903 1176 1994 1249; x_wconf 89' lang='lat' dir='ltr'><strong>de</strong></span> <span class='ocrx_word' id='word_1_63' title='bbox 2029 1178 2389 1250; x_wconf 81' lang='lat' dir='ltr'><strong>efficiendi</strong></span> <span class='ocrx_word' id='word_1_64' title='bbox 2431 1182 2708 1250; x_wconf 88' lang='lat' dir='ltr'><strong>ratione</strong></span> 
     </span>
     <span class='ocr_line' id='line_1_9' title="bbox 580 1290 923 1361; baseline -0.003 0"><span class='ocrx_word' id='word_1_65' title='bbox 580 1290 923 1361; x_wconf 87' lang='lat' dir='ltr'><strong>dicamus.</strong></span> 
     </span>
    </p>

    <p class='ocr_par' dir='ltr' id='par_1_3' title="bbox 568 1397 2720 3142">
     <span class='ocr_line' id='line_1_10' title="bbox 676 1397 2708 1494; baseline -0 -23"><span class='ocrx_word' id='word_1_66' title='bbox 676 1404 963 1471; x_wconf 84' lang='lat' dir='ltr'><strong>XXVII.</strong></span> <span class='ocrx_word' id='word_1_67' title='bbox 1012 1402 1178 1487; x_wconf 85' lang='lat' dir='ltr'><strong>Quo</strong></span> <span class='ocrx_word' id='word_1_68' title='bbox 1224 1410 1381 1467; x_wconf 89' lang='lat' dir='ltr'><strong>toto</strong></span> <span class='ocrx_word' id='word_1_69' title='bbox 1420 1420 1680 1492; x_wconf 82' lang='lat' dir='ltr'><strong>genere</strong></span> <span class='ocrx_word' id='word_1_70' title='bbox 1703 1409 1754 1483; x_wconf 80' lang='lat'><strong>²,</strong></span> <span class='ocrx_word' id='word_1_71' title='bbox 1793 1397 2269 1494; x_wconf 86' lang='lat' dir='ltr'><strong>quibuscum,</strong></span> <span class='ocrx_word' id='word_1_72' title='bbox 2331 1414 2408 1470; x_wconf 90' lang='lat' dir='ltr'><strong>et</strong></span> <span class='ocrx_word' id='word_1_73' title='bbox 2457 1414 2708 1470; x_wconf 86' lang='lat' dir='ltr'><strong>contra</strong></span> 
     </span>
     <span class='ocr_line' id='line_1_11' title="bbox 580 1506 2708 1606; baseline 0 -27"><span class='ocrx_word' id='word_1_74' title='bbox 580 1533 799 1606; x_wconf 81' lang='lat' dir='ltr'><strong>quoS,</strong></span> <span class='ocrx_word' id='word_1_75' title='bbox 838 1532 988 1603; x_wconf 90' lang='lat' dir='ltr'><strong>quo</strong></span> <span class='ocrx_word' id='word_1_76' title='bbox 1021 1520 1385 1603; x_wconf 81' lang='lat' dir='ltr'><strong>tempore,</strong></span> <span class='ocrx_word' id='word_1_77' title='bbox 1422 1520 1547 1576; x_wconf 90' lang='lat' dir='ltr'><strong>aut</strong></span> <span class='ocrx_word' id='word_1_78' title='bbox 1591 1532 1744 1602; x_wconf 87' lang='lat' dir='ltr'><strong>quo</strong></span> <span class='ocrx_word' id='word_1_79' title='bbox 1773 1506 1978 1595; x_wconf 88' lang='lat' dir='ltr'><strong>loc0,</strong></span> <span class='ocrx_word' id='word_1_80' title='bbox 2020 1522 2142 1578; x_wconf 85' lang='lat' dir='ltr'><strong>aut</strong></span> <span class='ocrx_word' id='word_1_81' title='bbox 2179 1508 2448 1605; x_wconf 88' lang='lat' dir='ltr'><strong>quibus</strong></span> <span class='ocrx_word' id='word_1_82' title='bbox 2483 1508 2708 1580; x_wconf 83' lang='lat' dir='ltr'><strong>facul-</strong></span> 
     </span>
     <span class='ocr_line' id='line_1_12' title="bbox 582 1616 2707 1713; baseline -0.001 -22"><span class='ocrx_word' id='word_1_83' title='bbox 582 1616 849 1691; x_wconf 85' lang='lat' dir='ltr'><strong>tatibus</strong></span> <span class='ocrx_word' id='word_1_84' title='bbox 890 1640 1292 1700; x_wconf 84' lang='lat' dir='ltr'><strong>armorum,</strong></span> <span class='ocrx_word' id='word_1_85' title='bbox 1341 1617 1706 1713; x_wconf 60' lang='lat' dir='ltr'><strong>pecuniae,</strong></span> <span class='ocrx_word' id='word_1_86' title='bbox 1745 1620 2136 1700; x_wconf 85' lang='lat' dir='ltr'><strong>sociorum,</strong></span> <span class='ocrx_word' id='word_1_87' title='bbox 2167 1628 2553 1688; x_wconf 86' lang='lat' dir='ltr'><strong>earumve²</strong></span> <span class='ocrx_word' id='word_1_88' title='bbox 2589 1643 2707 1688; x_wconf 89' lang='lat' dir='ltr'><strong>re-</strong></span> 
     </span>
     <span class='ocr_line' id='line_1_13' title="bbox 586 1724 2711 1825; baseline -0 -27"><span class='ocrx_word' id='word_1_89' title='bbox 586 1750 787 1813; x_wconf 86' lang='lat' dir='ltr'><strong>rum,</strong></span> <span class='ocrx_word' id='word_1_90' title='bbox 832 1748 1003 1821; x_wconf 79' lang='lat' dir='ltr'><strong>quae</strong></span> <span class='ocrx_word' id='word_1_91' title='bbox 1042 1724 1131 1795; x_wconf 82' lang='lat' dir='ltr'><strong>ad</strong></span> <span class='ocrx_word' id='word_1_92' title='bbox 1188 1749 1556 1822; x_wconf 83' lang='lat' dir='ltr'><strong>quamque</strong></span> <span class='ocrx_word' id='word_1_93' title='bbox 1599 1750 1754 1796; x_wconf 87' lang='lat' dir='ltr'><strong>rem</strong></span> <span class='ocrx_word' id='word_1_94' title='bbox 1795 1724 2260 1797; x_wconf 65' lang='lat' dir='ltr'><strong>efficiendam</strong></span> <span class='ocrx_word' id='word_1_95' title='bbox 2319 1732 2711 1825; x_wconf 85' lang='lat' dir='ltr'><strong>pertinent,</strong></span> 
     </span>
     <span class='ocr_line' id='line_1_14' title="bbox 587 1835 2708 1935; baseline 0.002 -29"><span class='ocrx_word' id='word_1_96' title='bbox 587 1839 949 1935; x_wconf 86' lang='lat' dir='ltr'><strong>possimus</strong></span> <span class='ocrx_word' id='word_1_97' title='bbox 974 1835 1119 1920; x_wconf 89' lang='lat' dir='ltr'><strong>uti,</strong></span> <span class='ocrx_word' id='word_1_98' title='bbox 1150 1836 1670 1932; x_wconf 85' lang='lat' dir='ltr'><strong>requirendum</strong></span> <span class='ocrx_word' id='word_1_99' title='bbox 1695 1851 1824 1907; x_wconf 78' lang='lat' dir='ltr'><strong>est.</strong></span> <span class='ocrx_word' id='word_1_100' title='bbox 1859 1837 2114 1934; x_wconf 77' lang='lat' dir='ltr'><strong>Neque</strong></span> <span class='ocrx_word' id='word_1_101' title='bbox 2140 1839 2371 1909; x_wconf 87' lang='lat' dir='ltr'><strong>solum</strong></span> <span class='ocrx_word' id='word_1_102' title='bbox 2403 1864 2486 1910; x_wconf 85' lang='lat' dir='ltr'><strong>ea</strong></span> <span class='ocrx_word' id='word_1_103' title='bbox 2505 1854 2708 1925; x_wconf 87' lang='lat' dir='ltr'><strong>sunt,</strong></span> 
     </span>
     <span class='ocr_line' id='line_1_15' title="bbox 586 1944 2714 2044; baseline 0 -27"><span class='ocrx_word' id='word_1_104' title='bbox 586 1972 747 2044; x_wconf 83' lang='lat' dir='ltr'><strong>quae</strong></span> <span class='ocrx_word' id='word_1_105' title='bbox 776 1945 989 2015; x_wconf 88' lang='lat' dir='ltr'><strong>nobis</strong></span> <span class='ocrx_word' id='word_1_106' title='bbox 1028 1960 1419 2043; x_wconf 79' lang='lat' dir='ltr'><strong>suppetant</strong></span> <span class='ocrx_word' id='word_1_107' title='bbox 1434 1944 1490 2032; x_wconf 77' lang='lat'><strong>³,</strong></span> <span class='ocrx_word' id='word_1_108' title='bbox 1527 1945 1657 2017; x_wconf 82' lang='lat' dir='ltr'><strong>sed</strong></span> <span class='ocrx_word' id='word_1_109' title='bbox 1696 1948 1910 2016; x_wconf 88' lang='lat' dir='ltr'><strong>etiam</strong></span> <span class='ocrx_word' id='word_1_110' title='bbox 1950 1946 2066 2017; x_wconf 89' lang='lat' dir='ltr'><strong>illa</strong></span> <span class='ocrx_word' id='word_1_111' title='bbox 2089 2001 2108 2035; x_wconf 91' lang='lat'>‚</span> <span class='ocrx_word' id='word_1_112' title='bbox 2148 1971 2310 2043; x_wconf 83' lang='lat' dir='ltr'><strong>quae</strong></span> <span class='ocrx_word' id='word_1_113' title='bbox 2336 1948 2714 2018; x_wconf 86' lang='lat' dir='ltr'><strong>adversen-</strong></span> 
     </span>
     <span class='ocr_line' id='line_1_16' title="bbox 587 2054 2712 2153; baseline -0.002 -24"><span class='ocrx_word' id='word_1_114' title='bbox 587 2072 731 2145; x_wconf 81' lang='lat' dir='ltr'><strong>tur,</strong></span> <span class='ocrx_word' id='word_1_115' title='bbox 759 2054 1089 2127; x_wconf 82' lang='lat' dir='ltr'><strong>videnda.</strong></span> <span class='ocrx_word' id='word_1_116' title='bbox 1127 2059 1250 2142; x_wconf 87' lang='lat' dir='ltr'><strong>Et,</strong></span> <span class='ocrx_word' id='word_1_117' title='bbox 1300 2058 1359 2127; x_wconf 87' lang='lat' dir='ltr'><strong>si</strong></span> <span class='ocrx_word' id='word_1_118' title='bbox 1394 2082 1486 2127; x_wconf 82' lang='lat' dir='ltr'><strong>ex</strong></span> <span class='ocrx_word' id='word_1_119' title='bbox 1527 2059 1996 2127; x_wconf 85' lang='lat' dir='ltr'><strong>contentione</strong></span> <span class='ocrx_word' id='word_1_120' title='bbox 2035 2057 2457 2153; x_wconf 69' lang='lat' dir='ltr'><strong>procliviora</strong></span> <span class='ocrx_word' id='word_1_121' title='bbox 2493 2072 2712 2127; x_wconf 82' lang='lat' dir='ltr'><strong>erunt</strong></span> 
     </span>
     <span class='ocr_line' id='line_1_17' title="bbox 588 2164 2714 2263; baseline -0 -25"><span class='ocrx_word' id='word_1_122' title='bbox 588 2181 871 2252; x_wconf 83' lang='lat' dir='ltr'><strong>nostra;</strong></span> <span class='ocrx_word' id='word_1_123' title='bbox 930 2190 1073 2236; x_wconf 89' lang='lat' dir='ltr'><strong>non</strong></span> <span class='ocrx_word' id='word_1_124' title='bbox 1111 2164 1344 2235; x_wconf 83' lang='lat' dir='ltr'><strong>solum</strong></span> <span class='ocrx_word' id='word_1_125' title='bbox 1376 2164 1569 2237; x_wconf 82' lang='lat' dir='ltr'><strong>effici</strong></span> <span class='ocrx_word' id='word_1_126' title='bbox 1609 2190 1853 2263; x_wconf 87' lang='lat' dir='ltr'><strong>posse,</strong></span> <span class='ocrx_word' id='word_1_127' title='bbox 1915 2186 2078 2263; x_wconf 86' lang='lat' dir='ltr'><strong>quae</strong></span> <span class='ocrx_word' id='word_1_128' title='bbox 2112 2165 2534 2253; x_wconf 84' lang='lat' dir='ltr'><strong>suademus,</strong></span> <span class='ocrx_word' id='word_1_129' title='bbox 2569 2169 2714 2249; x_wconf 69' lang='lat' dir='ltr'><strong>,erit</strong></span> 
     </span>
     <span class='ocr_line' id='line_1_18' title="bbox 589 2272 2712 2376; baseline 0 -29"><span class='ocrx_word' id='word_1_130' title='bbox 589 2272 1213 2376; x_wconf 85' lang='lat' dir='ltr'><strong>persuadendum,</strong></span> <span class='ocrx_word' id='word_1_131' title='bbox 1256 2273 1379 2346; x_wconf 85' lang='lat' dir='ltr'><strong>sed</strong></span> <span class='ocrx_word' id='word_1_132' title='bbox 1412 2273 1814 2347; x_wconf 81' lang='lat' dir='ltr'><strong>curandum</strong></span> <span class='ocrx_word' id='word_1_133' title='bbox 1843 2281 2093 2362; x_wconf 85' lang='lat' dir='ltr'><strong>etiam,</strong></span> <span class='ocrx_word' id='word_1_134' title='bbox 2129 2291 2212 2348; x_wconf 92' lang='lat' dir='ltr'><strong>ut</strong></span> <span class='ocrx_word' id='word_1_135' title='bbox 2245 2276 2408 2348; x_wconf 57' lang='lat' dir='ltr'><strong>ina*</strong></span> <span class='ocrx_word' id='word_1_136' title='bbox 2447 2277 2712 2363; x_wconf 80' lang='lat' dir='ltr'><strong>facilia,</strong></span> 
     </span>
     <span class='ocr_line' id='line_1_19' title="bbox 588 2383 2714 2486; baseline 0 -28"><span class='ocrx_word' id='word_1_137' title='bbox 588 2387 935 2486; x_wconf 85' lang='lat' dir='ltr'><strong>proclivia</strong></span> <span class='ocrx_word' id='word_1_138' title='bbox 952 2441 971 2472; x_wconf 91' lang='lat'>‚</span> <span class='ocrx_word' id='word_1_139' title='bbox 990 2385 1315 2480; x_wconf 85' lang='lat' dir='ltr'><strong>jucunda</strong></span> <span class='ocrx_word' id='word_1_140' title='bbox 1342 2383 1743 2456; x_wconf 86' lang='lat' dir='ltr'><strong>videantur.</strong></span> <span class='ocrx_word' id='word_1_141' title='bbox 1771 2387 2078 2482; x_wconf 79' lang='lat' dir='ltr'>(xxvm.)</span> <span class='ocrx_word' id='word_1_142' title='bbox 2116 2387 2714 2459; x_wconf 81' lang='lat' dir='ltr'><strong>Dissuadentibus</strong></span> 
     </span>
     <span class='ocr_line' id='line_1_20' title="bbox 568 2492 2714 2583; baseline -0.001 -15"><span class='ocrx_word' id='word_1_143' title='bbox 568 2511 868 2583; x_wconf 71' lang='lat' dir='ltr'><strong>autem,</strong></span> <span class='ocrx_word' id='word_1_144' title='bbox 930 2509 1055 2565; x_wconf 87' lang='lat' dir='ltr'><strong>aut</strong></span> <span class='ocrx_word' id='word_1_145' title='bbox 1098 2495 1363 2565; x_wconf 80' lang='lat' dir='ltr'><strong>utilitas</strong></span> <span class='ocrx_word' id='word_1_146' title='bbox 1416 2492 1905 2566; x_wconf 86' lang='lat' dir='ltr'><strong>labefactanda</strong></span> <span class='ocrx_word' id='word_1_147' title='bbox 1969 2511 2108 2580; x_wconf 90' lang='lat' dir='ltr'><strong>est,</strong></span> <span class='ocrx_word' id='word_1_148' title='bbox 2171 2511 2298 2566; x_wconf 87' lang='lat' dir='ltr'><strong>aut.</strong></span> <span class='ocrx_word' id='word_1_149' title='bbox 2355 2494 2714 2566; x_wconf 86' lang='lat' dir='ltr'><strong>efficiendi</strong></span> 
     </span>
     <span class='ocr_line' id='line_1_21' title="bbox 592 2591 2713 2704; baseline -0 -27"><span class='ocrx_word' id='word_1_150' title='bbox 592 2591 1047 2678; x_wconf 82' lang='lat' dir='ltr'><strong>difficultates</strong></span> <span class='ocrx_word' id='word_1_151' title='bbox 1079 2597 1524 2690; x_wconf 83' lang='lat' dir='ltr'><strong>efferendae⁵‚</strong></span> <span class='ocrx_word' id='word_1_152' title='bbox 1557 2629 1798 2700; x_wconf 84' lang='lat' dir='ltr'><strong>neque</strong></span> <span class='ocrx_word' id='word_1_153' title='bbox 1833 2605 1988 2675; x_wconf 84' lang='lat' dir='ltr'><strong>aliis</strong></span> <span class='ocrx_word' id='word_1_154' title='bbox 2025 2628 2113 2675; x_wconf 80' lang='lat' dir='ltr'><strong>ex</strong></span> <span class='ocrx_word' id='word_1_155' title='bbox 2142 2608 2552 2704; x_wconf 70' lang='lat' dir='ltr'><strong>praeceptis»,</strong></span> <span class='ocrx_word' id='word_1_156' title='bbox 2587 2605 2713 2676; x_wconf 88' lang='lat' dir='ltr'><strong>sed</strong></span> 
     </span>
     <span class='ocr_line' id='line_1_22' title="bbox 590 2712 2712 2812; baseline -0.001 -26"><span class='ocrx_word' id='word_1_157' title='bbox 590 2715 839 2786; x_wconf 85' lang='lat' dir='ltr'><strong>iisdem</strong></span> <span class='ocrx_word' id='word_1_158' title='bbox 878 2741 965 2786; x_wconf 84' lang='lat' dir='ltr'><strong>ex</strong></span> <span class='ocrx_word' id='word_1_159' title='bbox 1000 2715 1351 2785; x_wconf 82' lang='lat' dir='ltr'><strong>suasionis</strong></span> <span class='ocrx_word' id='word_1_160' title='bbox 1382 2713 1583 2785; x_wconf 90' lang='lat' dir='ltr'><strong>locis.</strong></span> <span class='ocrx_word' id='word_1_161' title='bbox 1615 2717 1940 2810; x_wconf 88' lang='lat' dir='ltr'><strong>Uterque</strong></span> <span class='ocrx_word' id='word_1_162' title='bbox 1970 2739 2155 2786; x_wconf 81' lang='lat' dir='ltr'><strong>vero.</strong></span> <span class='ocrx_word' id='word_1_163' title='bbox 2173 2712 2264 2784; x_wconf 88' lang='lat' dir='ltr'><strong>ad</strong></span> <span class='ocrx_word' id='word_1_164' title='bbox 2301 2713 2712 2812; x_wconf 84' lang='lat' dir='ltr'><strong>augendum</strong></span> 
     </span>
     <span class='ocr_line' id='line_1_23' title="bbox 595 2823 2720 2921; baseline -0.001 -25"><span class='ocrx_word' id='word_1_165' title='bbox 595 2823 857 2897; x_wconf 83' lang='lat' dir='ltr'><strong>habeat</strong></span> <span class='ocrx_word' id='word_1_166' title='bbox 892 2825 1383 2921; x_wconf 84' lang='lat' dir='ltr'><strong>exemplorum</strong></span> <span class='ocrx_word' id='word_1_167' title='bbox 1418 2838 1545 2894; x_wconf 89' lang='lat' dir='ltr'><strong>aut</strong></span> <span class='ocrx_word' id='word_1_168' title='bbox 1571 2826 2009 2910; x_wconf 84' lang='lat' dir='ltr'><strong>recentium,</strong></span> <span class='ocrx_word' id='word_1_169' title='bbox 2049 2827 2198 2921; x_wconf 84' lang='lat' dir='ltr'><strong>quo</strong></span> <span class='ocrx_word' id='word_1_170' title='bbox 2227 2831 2514 2896; x_wconf 85' lang='lat' dir='ltr'><strong>notiora</strong></span> <span class='ocrx_word' id='word_1_171' title='bbox 2539 2827 2720 2909; x_wconf 86' lang='lat' dir='ltr'><strong>sint,</strong></span> 
     </span>
     <span class='ocr_line' id='line_1_24' title="bbox 594 2933 2714 3031; baseline -0.004 -23"><span class='ocrx_word' id='word_1_172' title='bbox 594 2950 719 3008; x_wconf 87' lang='lat' dir='ltr'><strong>aut</strong></span> <span class='ocrx_word' id='word_1_173' title='bbox 748 2950 1111 3020; x_wconf 83' lang='lat' dir='ltr'><strong>veterum,</strong></span> <span class='ocrx_word' id='word_1_174' title='bbox 1140 2959 1289 3030; x_wconf 90' lang='lat' dir='ltr'><strong>quo</strong></span> <span class='ocrx_word' id='word_1_175' title='bbox 1328 2934 1490 3031; x_wconf 91' lang='lat' dir='ltr'><strong>plus</strong></span> <span class='ocrx_word' id='word_1_176' title='bbox 1519 2935 1958 3005; x_wconf 81' lang='lat' dir='ltr'><strong>auctoritatis</strong></span> <span class='ocrx_word' id='word_1_177' title='bbox 1995 2933 2345 3021; x_wconf 83' lang='lat' dir='ltr'><strong>habeant,</strong></span> <span class='ocrx_word' id='word_1_178' title='bbox 2387 2937 2666 3031; x_wconf 88' lang='lat' dir='ltr'><strong>copiam</strong></span> <span class='ocrx_word' id='word_1_179' title='bbox 2697 2961 2714 3000; x_wconf 92' lang='lat'>:</span> 
     </span>
     <span class='ocr_line' id='line_1_25' title="bbox 598 3027 2718 3142; baseline -0.001 -27"><span class='ocrx_word' id='word_1_180' title='bbox 598 3047 1053 3140; x_wconf 80' lang='lat' dir='ltr'><strong>maximeque</strong></span> <span class='ocrx_word' id='word_1_181' title='bbox 1085 3045 1175 3115; x_wconf 86' lang='lat' dir='ltr'><strong>sit</strong></span> <span class='ocrx_word' id='word_1_182' title='bbox 1202 3047 1275 3113; x_wconf 88' lang='lat' dir='ltr'><strong>in</strong></span> <span class='ocrx_word' id='word_1_183' title='bbox 1317 3043 1455 3114; x_wconf 89' lang='lat' dir='ltr'><strong>hoc</strong></span> <span class='ocrx_word' id='word_1_184' title='bbox 1488 3069 1750 3142; x_wconf 86' lang='lat' dir='ltr'><strong>genere</strong></span> <span class='ocrx_word' id='word_1_185' title='bbox 1787 3041 2200 3131; x_wconf 88' lang='lat' dir='ltr'><strong>meditatus,</strong></span> <span class='ocrx_word' id='word_1_186' title='bbox 2231 3057 2316 3113; x_wconf 88' lang='lat' dir='ltr'><strong>ut</strong></span> <span class='ocrx_word' id='word_1_187' title='bbox 2355 3027 2577 3139; x_wconf 81' lang='lat' dir='ltr'><strong>possit</strong></span> <span class='ocrx_word' id='word_1_188' title='bbox 2605 3042 2718 3112; x_wconf 79' lang='lat' dir='ltr'><strong>vel</strong></span> 
     </span>
    </p>
   </div>
   <div class='ocr_carea' id='block_1_2' title="bbox 596 3247 2730 4184">
    <p class='ocr_par' dir='ltr' id='par_1_4' title="bbox 596 3247 2730 4184">
     <span class='ocr_line' id='line_1_26' title="bbox 676 3247 2724 3310; baseline -0.001 -12"><span class='ocrx_word' id='word_1_189' title='bbox 676 3265 756 3298; x_wconf 69' lang='grc' dir='ltr'><strong>η.</strong></span> <span class='ocrx_word' id='word_1_190' title='bbox 780 3253 841 3298; x_wconf 72' lang='lat' dir='ltr'><strong>Ue</strong></span> <span class='ocrx_word' id='word_1_191' title='bbox 861 3262 909 3298; x_wconf 78' lang='lat' dir='ltr'><strong>ec</strong></span> <span class='ocrx_word' id='word_1_192' title='bbox 928 3249 1031 3297; x_wconf 76' lang='lat' dir='ltr'><strong>illa.</strong></span> <span class='ocrx_word' id='word_1_193' title='bbox 1046 3252 1199 3299; x_wconf 77' lang='lat' dir='ltr'><strong>MSE.</strong></span> <span class='ocrx_word' id='word_1_194' title='bbox 1218 3261 1311 3298; x_wconf 73' lang='lat' dir='ltr'><strong>«ut</strong></span> <span class='ocrx_word' id='word_1_195' title='bbox 1326 3252 1471 3300; x_wconf 73' lang='lat' dir='ltr'><strong>etiam</strong></span> <span class='ocrx_word' id='word_1_196' title='bbox 1488 3265 1544 3298; x_wconf 73' lang='lat' dir='ltr'><strong>en</strong></span> <span class='ocrx_word' id='word_1_197' title='bbox 1561 3272 1583 3293; x_wconf 69' lang='lat' dir='ltr'>u</span> <span class='ocrx_word' id='word_1_198' title='bbox 1597 3267 1622 3310; x_wconf 69' lang='grc' dir='ltr'><strong>ς·</strong></span> <span class='ocrx_word' id='word_1_199' title='bbox 1701 3251 2016 3298; x_wconf 68' lang='lat' dir='ltr'><strong>advers-ntur</strong></span> <span class='ocrx_word' id='word_1_200' title='bbox 2029 3271 2072 3299; x_wconf 70' lang='grc' dir='ltr'><strong>ιι.</strong></span> <span class='ocrx_word' id='word_1_201' title='bbox 2109 3251 2238 3298; x_wconf 68' lang='lat' dir='ltr'><strong>Eun.</strong></span> <span class='ocrx_word' id='word_1_202' title='bbox 2259 3275 2326 3285; x_wconf 88' lang='lat'><strong>—--</strong></span> <span class='ocrx_word' id='word_1_203' title='bbox 2345 3249 2460 3298; x_wconf 62' lang='lat' dir='ltr'><strong>Seli.</strong></span> <span class='ocrx_word' id='word_1_204' title='bbox 2495 3247 2724 3296; x_wconf 54' lang='lat' dir='ltr'><strong>indie-ti-</strong></span> 
     </span>
     <span class='ocr_line' id='line_1_27' title="bbox 598 3327 2063 3393; baseline -0.002 -14"><span class='ocrx_word' id='word_1_205' title='bbox 598 3331 771 3380; x_wconf 73' lang='lat' dir='ltr'><strong>lenius.</strong></span> <span class='ocrx_word' id='word_1_206' title='bbox 808 3331 929 3378; x_wconf 76' lang='lat' dir='ltr'><strong>Iiaeo</strong></span> <span class='ocrx_word' id='word_1_207' title='bbox 953 3343 1105 3393; x_wconf 69' lang='lat' dir='ltr'><strong>usque</strong></span> <span class='ocrx_word' id='word_1_208' title='bbox 1128 3329 1191 3376; x_wconf 74' lang='lat' dir='ltr'><strong>ad</strong></span> <span class='ocrx_word' id='word_1_209' title='bbox 1224 3329 1417 3376; x_wconf 72' lang='lat' dir='ltr'><strong>dicacur</strong></span> <span class='ocrx_word' id='word_1_210' title='bbox 1438 3327 1616 3376; x_wconf 69' lang='lat' dir='ltr'><strong>absunt</strong></span> <span class='ocrx_word' id='word_1_211' title='bbox 1703 3345 1816 3376; x_wconf 80' lang='lat' dir='ltr'><strong>vum</strong></span> <span class='ocrx_word' id='word_1_212' title='bbox 1835 3327 2063 3376; x_wconf 67' lang='lat' dir='ltr'><strong>servavit.</strong></span> 
     </span>
     <span class='ocr_line' id='line_1_28' title="bbox 596 3405 2722 3470; baseline -0.002 -12"><span class='ocrx_word' id='word_1_213' title='bbox 596 3410 674 3458; x_wconf 83' lang='lat' dir='ltr'><strong>ed.</strong></span> <span class='ocrx_word' id='word_1_214' title='bbox 694 3410 821 3468; x_wconf 65' lang='lat' dir='ltr'><strong>ven.</strong></span> <span class='ocrx_word' id='word_1_215' title='bbox 849 3411 981 3457; x_wconf 69' lang='lat' dir='ltr'><strong>En.</strong></span> <span class='ocrx_word' id='word_1_216' title='bbox 1420 3405 1428 3412; x_wconf 76' lang='grc'><em>“</em></span> <span class='ocrx_word' id='word_1_217' title='bbox 1775 3416 1824 3464; x_wconf 73' lang='grc'><strong>4.</strong></span> <span class='ocrx_word' id='word_1_218' title='bbox 1858 3407 2059 3456; x_wconf 62' lang='lat' dir='ltr'><strong>lucilia.</strong></span> <span class='ocrx_word' id='word_1_219' title='bbox 2078 3409 2189 3470; x_wconf 78' lang='grc' dir='ltr'><strong>Ηρο</strong></span> <span class='ocrx_word' id='word_1_220' title='bbox 2217 3406 2354 3455; x_wconf 73' lang='lat' dir='ltr'><strong>abest</strong></span> <span class='ocrx_word' id='word_1_221' title='bbox 2369 3405 2450 3455; x_wconf 77' lang='lat' dir='ltr'><strong>ed.</strong></span> <span class='ocrx_word' id='word_1_222' title='bbox 2469 3409 2596 3456; x_wconf 73' lang='lat' dir='ltr'><strong>ven.</strong></span> <span class='ocrx_word' id='word_1_223' title='bbox 2619 3421 2722 3453; x_wconf 78' lang='lat' dir='ltr'><strong>non</strong></span> 
     </span>
     <span class='ocr_line' id='line_1_29' title="bbox 667 3483 2722 3552; baseline -0.003 -14"><span class='ocrx_word' id='word_1_224' title='bbox 667 3489 887 3538; x_wconf 75' lang='lat' dir='ltr'><strong>xxvn.</strong></span> <span class='ocrx_word' id='word_1_225' title='bbox 910 3505 951 3534; x_wconf 78' lang='lat' dir='ltr'><strong>x.</strong></span> <span class='ocrx_word' id='word_1_226' title='bbox 984 3489 1093 3551; x_wconf 78' lang='lat' dir='ltr'><strong>Quo</strong></span> <span class='ocrx_word' id='word_1_227' title='bbox 1116 3497 1217 3534; x_wconf 76' lang='lat' dir='ltr'><strong>toto</strong></span> <span class='ocrx_word' id='word_1_228' title='bbox 1238 3502 1494 3552; x_wconf 71' lang='lat' dir='ltr'><strong>genere...</strong></span> <span class='ocrx_word' id='word_1_229' title='bbox 1523 3498 1620 3536; x_wconf 73' lang='lat' dir='ltr'><strong>aut</strong></span> <span class='ocrx_word' id='word_1_230' title='bbox 1705 3487 1828 3536; x_wconf 72' lang='lat' dir='ltr'><strong>male</strong></span> <span class='ocrx_word' id='word_1_231' title='bbox 1862 3500 1882 3535; x_wconf 68' lang='grc' dir='ltr'><strong><em>ε</em></strong></span> <span class='ocrx_word' id='word_1_232' title='bbox 1913 3497 2029 3533; x_wconf 74' lang='lat' dir='ltr'><strong>sunt</strong></span> <span class='ocrx_word' id='word_1_233' title='bbox 2067 3495 2116 3533; x_wconf 82' lang='lat' dir='ltr'><strong>et</strong></span> <span class='ocrx_word' id='word_1_234' title='bbox 2153 3486 2208 3532; x_wconf 84' lang='lat' dir='ltr'><strong>in</strong></span> <span class='ocrx_word' id='word_1_235' title='bbox 2245 3483 2498 3533; x_wconf 74' lang='lat' dir='ltr'><strong>contrario</strong></span> <span class='ocrx_word' id='word_1_236' title='bbox 2529 3495 2722 3533; x_wconf 71' lang='lat' dir='ltr'><strong>tantun</strong></span> 
     </span>
     <span class='ocr_line' id='line_1_30' title="bbox 600 3565 1986 3633; baseline -0.001 -17"><span class='ocrx_word' id='word_1_237' title='bbox 600 3569 773 3633; x_wconf 78' lang='lat' dir='ltr'><strong>quibus</strong></span> <span class='ocrx_word' id='word_1_238' title='bbox 780 3566 892 3632; x_wconf 75' lang='lat' dir='ltr'><strong>fao.</strong></span> <span class='ocrx_word' id='word_1_239' title='bbox 909 3567 1021 3614; x_wconf 75' lang='lat' dir='ltr'><strong>Scia.</strong></span> <span class='ocrx_word' id='word_1_240' title='bbox 1049 3566 1132 3614; x_wconf 74' lang='lat' dir='ltr'><strong>dat</strong></span> <span class='ocrx_word' id='word_1_241' title='bbox 1150 3582 1261 3614; x_wconf 83' lang='lat' dir='ltr'><strong>cum</strong></span> <span class='ocrx_word' id='word_1_242' title='bbox 1287 3565 1451 3616; x_wconf 70' lang='lat' dir='ltr'><strong>anb.</strong></span> <span class='ocrx_word' id='word_1_243' title='bbox 1474 3587 1502 3608; x_wconf 79' lang='grc' dir='ltr'>ι</span> <span class='ocrx_word' id='word_1_244' title='bbox 1515 3581 1617 3632; x_wconf 84' lang='lat' dir='ltr'><strong>qno</strong></span> <span class='ocrx_word' id='word_1_245' title='bbox 1707 3565 1825 3614; x_wconf 83' lang='lat' dir='ltr'><strong>duo.</strong></span> <span class='ocrx_word' id='word_1_246' title='bbox 1857 3567 1986 3614; x_wconf 66' lang='lat' dir='ltr'><strong>Ena.</strong></span> 
     </span>
     <span class='ocr_line' id='line_1_31' title="bbox 600 3639 2726 3712; baseline -0.003 -17"><span class='ocrx_word' id='word_1_247' title='bbox 600 3659 708 3695; x_wconf 82' lang='lat' dir='ltr'><strong>toto</strong></span> <span class='ocrx_word' id='word_1_248' title='bbox 728 3649 781 3694; x_wconf 86' lang='lat' dir='ltr'><strong>iu</strong></span> <span class='ocrx_word' id='word_1_249' title='bbox 800 3661 975 3712; x_wconf 72' lang='lat' dir='ltr'><strong>genere</strong></span> <span class='ocrx_word' id='word_1_250' title='bbox 990 3677 1007 3704; x_wconf 88' lang='lat'><strong>,</strong></span> <span class='ocrx_word' id='word_1_251' title='bbox 1028 3655 1078 3692; x_wconf 81' lang='lat' dir='ltr'><strong>et</strong></span> <span class='ocrx_word' id='word_1_252' title='bbox 1096 3644 1381 3707; x_wconf 71' lang='lat' dir='ltr'><strong>quibuscum</strong></span> <span class='ocrx_word' id='word_1_253' title='bbox 1398 3681 1413 3702; x_wconf 91' lang='lat'>,</span> <span class='ocrx_word' id='word_1_254' title='bbox 1432 3655 1483 3692; x_wconf 83' lang='lat' dir='ltr'><strong>et</strong></span> <span class='ocrx_word' id='word_1_255' title='bbox 1499 3661 1620 3694; x_wconf 83' lang='lat' dir='ltr'><strong>con·</strong></span> <span class='ocrx_word' id='word_1_256' title='bbox 1781 3643 1826 3692; x_wconf 82' lang='lat'><strong>⁵.</strong></span> <span class='ocrx_word' id='word_1_257' title='bbox 1867 3641 2193 3708; x_wconf 74' lang='lat' dir='ltr'><strong>Difficuleaeoes</strong></span> <span class='ocrx_word' id='word_1_258' title='bbox 2227 3639 2520 3708; x_wconf 64' lang='lat' dir='ltr'><strong>assuenda,</strong></span> <span class='ocrx_word' id='word_1_259' title='bbox 2565 3658 2726 3706; x_wconf 70' lang='lat' dir='ltr'><strong>neque</strong></span> 
     </span>
     <span class='ocr_line' id='line_1_32' title="bbox 600 3719 2728 3790; baseline -0.003 -14"><span class='ocrx_word' id='word_1_260' title='bbox 600 3739 673 3776; x_wconf 73' lang='lat' dir='ltr'><strong>tra</strong></span> <span class='ocrx_word' id='word_1_261' title='bbox 700 3741 848 3790; x_wconf 73' lang='lat' dir='ltr'><strong>quon,</strong></span> <span class='ocrx_word' id='word_1_262' title='bbox 876 3736 928 3774; x_wconf 85' lang='lat' dir='ltr'><strong>et</strong></span> <span class='ocrx_word' id='word_1_263' title='bbox 952 3740 1052 3788; x_wconf 83' lang='lat' dir='ltr'><strong>qno</strong></span> <span class='ocrx_word' id='word_1_264' title='bbox 1078 3735 1323 3788; x_wconf 78' lang='lat' dir='ltr'><strong>tempore,</strong></span> <span class='ocrx_word' id='word_1_265' title='bbox 1350 3733 1398 3772; x_wconf 78' lang='lat' dir='ltr'><strong>et</strong></span> <span class='ocrx_word' id='word_1_266' title='bbox 1428 3741 1530 3788; x_wconf 85' lang='lat' dir='ltr'><strong>quo</strong></span> <span class='ocrx_word' id='word_1_267' title='bbox 1547 3725 1622 3774; x_wconf 90' lang='lat' dir='ltr'><strong>lo·</strong></span> <span class='ocrx_word' id='word_1_268' title='bbox 1707 3723 1822 3771; x_wconf 71' lang='lat' dir='ltr'><strong>aliis</strong></span> <span class='ocrx_word' id='word_1_269' title='bbox 1875 3739 1941 3770; x_wconf 68' lang='grc' dir='ltr'><strong>σει·</strong></span> <span class='ocrx_word' id='word_1_270' title='bbox 1993 3721 2249 3786; x_wconf 73' lang='lat' dir='ltr'><strong>praecptis</strong></span> <span class='ocrx_word' id='word_1_271' title='bbox 2262 3755 2280 3779; x_wconf 88' lang='lat'><em>,</em></span> <span class='ocrx_word' id='word_1_272' title='bbox 2337 3731 2435 3771; x_wconf 80' lang='lat' dir='ltr'><strong>ete.</strong></span> <span class='ocrx_word' id='word_1_273' title='bbox 2501 3719 2728 3770; x_wconf 78' lang='lat' dir='ltr'><strong>Arbitror</strong></span> 
     </span>
     <span class='ocr_line' id='line_1_33' title="bbox 602 3800 2726 3869; baseline -0.004 -14"><span class='ocrx_word' id='word_1_274' title='bbox 602 3825 665 3856; x_wconf 83' lang='lat' dir='ltr'><strong>co</strong></span> <span class='ocrx_word' id='word_1_275' title='bbox 684 3841 700 3866; x_wconf 85' lang='lat'><strong>‚</strong></span> <span class='ocrx_word' id='word_1_276' title='bbox 726 3817 777 3854; x_wconf 79' lang='lat' dir='ltr'><strong>et</strong></span> <span class='ocrx_word' id='word_1_277' title='bbox 792 3803 976 3869; x_wconf 72' lang='lat' dir='ltr'><strong>quibu·</strong></span> <span class='ocrx_word' id='word_1_278' title='bbox 1002 3803 1131 3850; x_wconf 75' lang='lat' dir='ltr'><strong>fac.»</strong></span> <span class='ocrx_word' id='word_1_279' title='bbox 1707 3803 1990 3853; x_wconf 83' lang='lat' dir='ltr'><strong>Ciceronem</strong></span> <span class='ocrx_word' id='word_1_280' title='bbox 2025 3801 2272 3864; x_wconf 67' lang='lat' dir='ltr'><strong>scripsisse</strong></span> <span class='ocrx_word' id='word_1_281' title='bbox 2290 3800 2586 3864; x_wconf 66' lang='lat' dir='ltr'><strong>afferendae,</strong></span> <span class='ocrx_word' id='word_1_282' title='bbox 2609 3803 2726 3864; x_wconf 73' lang='lat' dir='ltr'><strong>quia</strong></span> 
     </span>
     <span class='ocr_line' id='line_1_34' title="bbox 673 3879 2726 3944; baseline -0.002 -12"><span class='ocrx_word' id='word_1_283' title='bbox 673 3901 725 3933; x_wconf 64' lang='grc' dir='ltr'><strong>α.</strong></span> <span class='ocrx_word' id='word_1_284' title='bbox 746 3886 989 3932; x_wconf 60' lang='lat' dir='ltr'><strong>Eat-amre</strong></span> <span class='ocrx_word' id='word_1_285' title='bbox 1010 3897 1187 3932; x_wconf 73' lang='lat' dir='ltr'><strong>mrum.</strong></span> <span class='ocrx_word' id='word_1_286' title='bbox 1207 3881 1403 3929; x_wconf 70' lang='lat' dir='ltr'><strong>Lallem.</strong></span> <span class='ocrx_word' id='word_1_287' title='bbox 1428 3897 1621 3929; x_wconf 76' lang='lat' dir='ltr'><strong>earum·</strong></span> <span class='ocrx_word' id='word_1_288' title='bbox 1707 3884 1788 3930; x_wconf 85' lang='lat' dir='ltr'><strong>hic</strong></span> <span class='ocrx_word' id='word_1_289' title='bbox 1833 3882 2055 3930; x_wconf 83' lang='lat' dir='ltr'><strong>nondum</strong></span> <span class='ocrx_word' id='word_1_290' title='bbox 2089 3881 2150 3928; x_wconf 79' lang='lat' dir='ltr'><strong>de</strong></span> <span class='ocrx_word' id='word_1_291' title='bbox 2183 3879 2410 3944; x_wconf 78' lang='lat' dir='ltr'><strong>augendo</strong></span> <span class='ocrx_word' id='word_1_292' title='bbox 2444 3881 2604 3944; x_wconf 70' lang='lat' dir='ltr'><strong>agitur</strong></span> <span class='ocrx_word' id='word_1_293' title='bbox 2621 3915 2636 3939; x_wconf 88' lang='lat'>‚</span> <span class='ocrx_word' id='word_1_294' title='bbox 2673 3893 2726 3927; x_wconf 77' lang='lat' dir='ltr'><strong>et</strong></span> 
     </span>
     <span class='ocr_line' id='line_1_35' title="bbox 604 3959 2722 4027; baseline -0.002 -17"><span class='ocrx_word' id='word_1_295' title='bbox 604 3979 701 4027; x_wconf 79' lang='lat' dir='ltr'><strong>que</strong></span> <span class='ocrx_word' id='word_1_296' title='bbox 716 3977 893 4010; x_wconf 73' lang='lat' dir='ltr'><strong>rernm.</strong></span> <span class='ocrx_word' id='word_1_297' title='bbox 1710 3961 1920 4009; x_wconf 62' lang='lat' dir='ltr'><strong>aeirem</strong></span> <span class='ocrx_word' id='word_1_298' title='bbox 1951 3977 1980 4008; x_wconf 84' lang='lat' dir='ltr'><strong>e</strong></span> <span class='ocrx_word' id='word_1_299' title='bbox 2011 3961 2174 4007; x_wconf 67' lang='lat' dir='ltr'><strong>locis·</strong></span> <span class='ocrx_word' id='word_1_300' title='bbox 2207 3993 2222 4016; x_wconf 86' lang='lat'>‚</span> <span class='ocrx_word' id='word_1_301' title='bbox 2255 3959 2310 4006; x_wconf 83' lang='lat' dir='ltr'><strong>id</strong></span> <span class='ocrx_word' id='word_1_302' title='bbox 2339 3971 2444 4020; x_wconf 71' lang='lat' dir='ltr'><strong>est,</strong></span> <span class='ocrx_word' id='word_1_303' title='bbox 2483 3961 2722 4024; x_wconf 72' lang='lat' dir='ltr'><strong>reperire,</strong></span> 
     </span>
     <span class='ocr_line' id='line_1_36' title="bbox 678 4037 2730 4106; baseline -0.001 -17"><span class='ocrx_word' id='word_1_304' title='bbox 678 4043 725 4090; x_wconf 81' lang='lat'><strong>3.</strong></span> <span class='ocrx_word' id='word_1_305' title='bbox 756 4043 1026 4106; x_wconf 71' lang='lat' dir='ltr'><strong>Suppetunt</strong></span> <span class='ocrx_word' id='word_1_306' title='bbox 1033 4073 1159 4089; x_wconf 86' lang='grc'><strong>.....</strong></span> <span class='ocrx_word' id='word_1_307' title='bbox 1192 4039 1522 4088; x_wconf 68' lang='lat' dir='ltr'><strong>adversentur.</strong></span> <span class='ocrx_word' id='word_1_308' title='bbox 1541 4039 1622 4087; x_wconf 64' lang='lat' dir='ltr'><strong>sto</strong></span> <span class='ocrx_word' id='word_1_309' title='bbox 1709 4055 1902 4092; x_wconf 75' lang='lat' dir='ltr'><strong>emere.</strong></span> <span class='ocrx_word' id='word_1_310' title='bbox 1933 4037 2100 4091; x_wconf 71' lang='lat' dir='ltr'><strong>durius</strong></span> <span class='ocrx_word' id='word_1_311' title='bbox 2135 4050 2227 4087; x_wconf 70' lang='lat' dir='ltr'><strong>eut.</strong></span> <span class='ocrx_word' id='word_1_312' title='bbox 2261 4045 2392 4104; x_wconf 71' lang='lat' dir='ltr'><strong>Ager</strong></span> <span class='ocrx_word' id='word_1_313' title='bbox 2427 4039 2566 4088; x_wconf 72' lang='lat' dir='ltr'><strong>effert</strong></span> <span class='ocrx_word' id='word_1_314' title='bbox 2579 4072 2598 4100; x_wconf 83' lang='lat'><strong>,</strong></span> <span class='ocrx_word' id='word_1_315' title='bbox 2625 4053 2730 4086; x_wconf 75' lang='lat' dir='ltr'><strong>non</strong></span> 
     </span>
     <span class='ocr_line' id='line_1_37' title="bbox 608 4117 2337 4184; baseline 0.002 -18"><span class='ocrx_word' id='word_1_316' title='bbox 608 4129 737 4167; x_wconf 75' lang='lat' dir='ltr'><strong>recte</strong></span> <span class='ocrx_word' id='word_1_317' title='bbox 767 4121 845 4168; x_wconf 78' lang='lat' dir='ltr'><strong>ed.</strong></span> <span class='ocrx_word' id='word_1_318' title='bbox 874 4122 1000 4169; x_wconf 64' lang='grc' dir='ltr'><strong>Ἴου.</strong></span> <span class='ocrx_word' id='word_1_319' title='bbox 1020 4117 1182 4182; x_wconf 73' lang='lat' dir='ltr'><strong>Vulgo</strong></span> <span class='ocrx_word' id='word_1_320' title='bbox 1210 4139 1234 4161; x_wconf 77' lang='grc' dir='ltr'><strong>ιι</strong></span> <span class='ocrx_word' id='word_1_321' title='bbox 1250 4128 1540 4184; x_wconf 72' lang='lat' dir='ltr'><strong>suppetunt.</strong></span> <span class='ocrx_word' id='word_1_322' title='bbox 1566 4155 1572 4162; x_wconf 89' lang='lat'>-</span> <span class='ocrx_word' id='word_1_323' title='bbox 1597 4157 1613 4170; x_wconf 90' lang='lat'><strong>.</strong></span> <span class='ocrx_word' id='word_1_324' title='bbox 1712 4121 1923 4168; x_wconf 70' lang='lat' dir='ltr'><strong>rusticus</strong></span> <span class='ocrx_word' id='word_1_325' title='bbox 1943 4133 2004 4166; x_wconf 74' lang='lat' dir='ltr'><strong>ex</strong></span> <span class='ocrx_word' id='word_1_326' title='bbox 2035 4133 2172 4184; x_wconf 71' lang='lat' dir='ltr'><strong>agro.</strong></span> <span class='ocrx_word' id='word_1_327' title='bbox 2205 4119 2337 4169; x_wconf 76' lang='lat' dir='ltr'><strong>Eut.</strong></span> 
     </span>
    </p>
   </div>
  </div>
 </body>
</html>
