2982 4682
444 441 590 511 280<
1088 443 1181 508 M.
1236 443 1312 509 T.
1368 441 1856 510 CICERONIS

441 561 735 661 quidem
766 561 892 632 diu
920 561 1351 656 cogitantem
1378 565 1564 632 ratio
1601 561 1754 657 ipsa
1781 561 1858 631 in
1888 560 2073 632 hanc
2102 567 2558 661 potissimum
2649 557 2653 562 ’

443 676 867 745 sententiam
907 669 1143 759 ducit,
1180 686 1264 743 ut
1292 673 1726 756 existimem,
1765 671 2189 768 sapientiam
2221 677 2374 744 sine
2411 674 2555 746 elo·

442 785 735 881 quentia
763 805 1015 878 parum
1044 779 1385 878 prodesse
1403 780 1838 866 civitatibus3
1869 781 2351 878 eloquentiam
2381 809 2556 856 vero

440 895 593 964 sine
646 893 991 990 sapientia
1040 893 1341 962 nimium
1398 891 1650 980 obesse
1703 890 2164 988 plerumque,
2215 892 2554 992 prodesse

442 1027 863 1100 numquam.
918 1006 1161 1092 Quare
1201 1007 1260 1073 si
1302 1004 1504 1100 quis,
1545 1002 1826 1072 omissis
1879 1002 2293 1074 rectissimis
2337 1018 2554 1098 atque

438 1113 959 1184 honestissimis
997 1112 1247 1183 studiis
1278 1112 1575 1182 rationis
1609 1124 1682 1180 et
1717 1107 1932 1180 officii
1955 1164 1974 1198 ‚
2007 1114 2367 1182 consumit
2393 1136 2554 1182 om-

440 1247 617 1316 nem⁸
674 1246 967 1319 operam
1043 1223 1117 1290 in
1192 1223 1695 1292 exercitatione
1778 1219 2102 1310 dicendi,
2165 1224 2226 1292 is
2282 1222 2554 1292 inutilis

440 1327 611 1415 sibi,
648 1331 1091 1427 perniciosus
1119 1331 1361 1426 patriae
1384 1331 1558 1402 civis
1587 1329 1882 1418 alitur43
1911 1331 2040 1430 qui
2067 1355 2236 1406 vero
2265 1333 2360 1402 ita
2399 1355 2554 1402 sese

436 1454 666 1510 armat
702 1440 1147 1536 eloquentia,
1194 1455 1279 1510 ut
1312 1435 1507 1509 non⁵
1552 1463 1974 1536 oppugnare
2011 1439 2389 1512 commoda
2428 1465 2553 1538 pa-

439 1551 626 1634 triae,
664 1541 789 1621 se'd
832 1575 965 1647 pro
1010 1549 1121 1620 his
1170 1545 1679 1650 propugnare⁶
1717 1551 1978 1646 possit,
2026 1549 2085 1645 is
2126 1550 2300 1621 mihi
2333 1546 2554 1621 vir'et
2591 1635 2596 1638 ¹

436 1661 615 1746 suis,
651 1674 726 1731 et
760 1657 1067 1757 publicis
1097 1659 1497 1731 rationibus
1534 1659 1984 1748 utilissimuS‚
2027 1675 2244 1758 atque
2274 1664 2554 1732 amicis·-

438 1770 697 1838 simus⁷
735 1770 907 1840 civis
948 1767 1101 1840 fore
1132 1767 1437 1840 videtur.
2619 1855 2626 1864 .

537 1880 677 1973 (11.)
714 1883 815 1950 Ac
848 1879 906 1950 si
936 1879 1269 1950 volumus
1297 1879 1512 1976 hujus
1543 1884 1674 1966 rei,
1702 1903 1864 1976 quae
1888 1893 2183 1949 vocatur
2211 1879 2551 1976 eloquen-

440 1987 571 2074 tia,
605 1989 751 2058 sive
780 1989 1035 2075 studii,
1094 1993 1239 2060 sive
1274 1991 1442 2063 artis
1462 1983 1518 2074 ⁸,
1564 1991 1708 2060 sive
1746 1990 2272 2060 exercitationis
2307 1990 2549 2082 cujus·-

440 2096 644 2181 dam‚
697 2100 841 2170 sive
907 2097 1259 2170 facultatis
1306 2123 1343 2169 a
1406 2113 1657 2170 natura
1707 2097 2044 2196 profectae
2100 2099 2549 2170 considerare

436 2208 903 2306 principium3
962 2211 1403 2305 reperiemus
1459 2209 1533 2278 id
1595 2234 1684 2279 ex
1747 2209 2266 2280 honestissimis
2323 2211 2552 2281 causis

436 2332 683 2389 natum
703 2374 722 2406 ,
748 2333 965 2416 atque
991 2318 1083 2390 ab
1121 2320 1412 2418 optimis
1438 2317 1840 2391 rationibus
1872 2318 2276 2417 profectum
2299 2331 2353 2391 9.

532 2433 619 2499 ΙΙ.
650 2432 829 2500 Nam
870 2428 1006 2500 suit
1042 2428 1409 2526 quoddam
1444 2442 1802 2527 tempus¹,
1829 2456 2061 2527 quum
2095 2432 2167 2500 in
2204 2434 2389 2529 agris
2422 2429 2548 2501 ho-

510 2599 558 2647 4.
602 2590 900 2637 Per-niciosus
924 2590 1107 2655 patr-ite
1145 2590 1255 2637 civis
1280 2592 1445 2639 alitur.

438 2670 517 2717 Sic
543 2668 759 2733 plerique
788 2668 903 2717 edd.
932 2680 980 2717 et
1002 2668 1147 2719 codd.
1182 2669 1322 2719 MSS.
1350 2672 1449 2718 Re-

438 2760 530 2798 cte.
555 2750 819 2808 Gruterus,
848 2758 899 2797 et
918 2749 1003 2811 qui
1026 2766 1135 2797 eum
1164 2760 1451 2812 sequuntur,

437 2850 461 2867 «-
480 2826 782 2893 perniciosus
797 2827 917 2875 oivis
934 2827 1109 2875 dicitnr
1123 2850 1166 2874 u.
1184 2828 1302 2877 Sca.

512 2908 560 2956 5.
606 2908 669 2953 Ue
693 2922 809 2953 non.
846 2904 1101 2954 Schiitzius
1136 2904 1219 2953 dst
1248 2921 1345 2953 non
1364 2915 1448 2953 me.

438 2986 871 3051 'Fran-ponendas,
902 2986 1063 3049 inquit
1080 3020 1096 3044 ,
1119 2986 1333 3047 judicavi
1362 2984 1451 3032 has

440 3066 701 3131 particulas
714 3100 731 3125 ‚
772 3067 885 3129 quis
917 3081 1083 3113 sensus
1116 3074 1187 3113 est
1215 3064 1323 3112 hie:
1350 3063 1449 3126 Qui

440 3160 553 3190 vero
597 3161 647 3191 se
690 3154 839 3191 armat
881 3142 1183 3206 eloquentia,
1212 3158 1314 3190 non
1352 3141 1449 3190 hoe

438 3222 676 3282 consilio,
703 3233 757 3269 nt
784 3220 1323 3285 oppugnare...possit.

510 3303 558 3348 6.
574 3302 901 3363 propugnare,
928 3316 1021 3363 pro
1040 3300 1169 3363 vulg.
1190 3316 1443 3365 pugnare,

440 3379 679 3443 eleganter
700 3378 825 3425 MSS
851 3377 989 3435 boni,
1014 3390 1113 3425 tum
1142 3394 1227 3442 per
1245 3394 1322 3438 se,
1341 3388 1445 3426 tum

438 3458 489 3505 in
520 3458 614 3504 hoe
656 3456 794 3514 ioco,
834 3457 917 3503 ubi
955 3467 1001 3503 et
1038 3458 1351 3505 concinnitati
1391 3460 1442 3505 in

438 3536 690 3597 disjunctis
718 3538 891 3593 servit,
918 3536 1055 3595 cujus
1083 3536 1253 3584 Cicero
1278 3540 1329 3583 in
1365 3536 1442 3583 his

436 3614 573 3661 libris
594 3614 733 3661 valde
758 3625 829 3661 est
856 3615 1117 3664 studiosus.
1138 3618 1355 3667 Esses-r.
1370 3644 1441 3653 —

440 3696 757 3757 Propregnare
781 3694 873 3741 Ms
898 3694 999 3740 Etr.
1019 3694 1189 3743 Duisb.
1210 3697 1356 3743 ²Voss.
1382 3712 1401 3743 ι
1424 3732 1438 3757 ,

433 3772 566 3821 Leid.
592 3775 635 3819 3.
655 3774 765 3819 Sca.

506 3841 569 3912 7]
588 3855 746 3915 Aeque
778 3852 1103 3901 amicissimus.
1131 3858 1245 3901 Haec
1266 3852 1441 3901 absunt

430 3946 457 3975 ι
480 3932 605 3979 MSS
626 3932 721 3979 Ox.
748 3948 813 3989 ω,
842 3948 887 3979 t.
910 3934 1022 3979 Son.

504 4011 554 4057 Β.
578 4010 681 4056 Sive
702 4010 874 4069 studii,
901 4012 997 4059 sive
1021 4014 1150 4061 areis.
1184 4010 1439 4061 Schiitzins

433 4086 515 4135 det
542 4088 684 4134 -sive
707 4090 850 4150 artis,
880 4092 981 4137 sive
1000 4089 1149 4138 studii
1166 4110 1191 4133 ι
1208 4128 1223 4150 ,
1240 4104 1343 4138 non
1354 4089 1439 4138 sd·

430 4164 619 4222 monito
640 4165 832 4215 lectore.

1607 2609 1655 2655 9.
1689 2598 1847 2656 Atque
1875 2594 1937 2641 ab
1966 2604 2067 2655 opt.
2095 2604 2188 2639 rae.
2203 2590 2337 2658 profi
2365 2594 2547 2641 Ernest.

1534 2662 1726 2719 addidit
1753 2672 1832 2726 ah,
1851 2672 1986 2735 quod
2007 2672 2061 2718 in
2084 2667 2195 2719 edd.
2229 2670 2388 2733 abest,
2413 2670 2549 2735 quod

1535 2744 1600 2797 sit
1615 2750 1798 2799 scilicet
1813 2749 2180 2800 consuetudinis
2199 2749 2549 2799 Ciceroni-nn.

1535 2828 1627 2875 Sed
1649 2830 1713 2875 ita
1733 2828 1998 2877 secundum
2018 2828 2281 2875 membrum
2301 2850 2325 2869 .-
2339 2828 2401 2875 nb
2419 2830 2547 2894 opti-

1535 2906 1626 2952 mis
1644 2907 1913 2955 rationibus
1931 2906 2204 2971 profectum
2217 2930 2259 2968 »,
2278 2906 2398 2955 nihil
2413 2906 2547 2957 aliud

1535 2982 1719 3033 diceret
1735 3020 1750 3045 ,
1774 3000 1920 3048 quam
1945 2984 2082 3048 quod
2103 2986 2202 3045 jam
2233 2986 2415 3033 dictum
2441 2998 2547 3035 erat

1533 3064 1696 3127 priore
1739 3086 1766 3107 κ
1785 3080 1847 3111 ex
1883 3063 2233 3121 honestissimis
2268 3065 2420 3121 causis
2453 3080 2543 3113 na·

1536 3152 1636 3189 tum
1655 3164 1695 3188 ιι.
1723 3142 1902 3191 Contra
1933 3142 1974 3189 si
2007 3140 2184 3205 legitur
2207 3143 2442 3207 «optimis
2466 3160 2544 3191 rs·

1533 3220 1748 3269 tionibus
1770 3222 2040 3285 profectum
2059 3242 2084 3262 n
2104 3253 2119 3278 ,
2154 3220 2250 3269 hoe
2279 3220 2545 3286 significat,

1531 3301 1585 3348 id
1607 3300 1742 3365 quod
1765 3316 1826 3347 ex
1843 3300 2188 3347 honestissimis
2207 3301 2359 3347 causis
2377 3310 2541 3349 ustum

1531 3390 1655 3427 esset
1674 3414 1691 3439 ,
1718 3380 1897 3443 optima
1936 3394 2134 3442 quoque
2169 3380 2358 3427 ratione
2381 3380 2545 3427 exeni-

1531 3468 1635 3506 tnm
1653 3474 1772 3505 esse.
1787 3456 1932 3505 Unde
1953 3456 2112 3504 forsan
2133 3457 2366 3521 suspicari
2384 3456 2540 3517 liceat,

1524 3536 1788 3601 perfeetum
1821 3536 1986 3599 potiu-
2005 3550 2149 3599 qusm
2169 3533 2444 3601 prestetum
2475 3535 2540 3584 le—

1526 3616 1735 3679 gendum
1763 3630 1879 3663 esse.
1903 3616 2015 3667 Sca.

1595 3697 1664 3742 11.
1701 3710 1746 3742 ι.
1783 3696 1912 3741 Nom
1929 3693 2038 3757 suit
2059 3694 2307 3761 quoddam
2340 3705 2540 3759 tempus.

1533 3774 1725 3836 Quibus
1741 3772 1968 3821 lendibus
1989 3774 2084 3821 hoc
2106 3774 2217 3821 loco
2243 3785 2290 3821 et
2308 3776 2395 3821 Or.
2419 3775 2472 3829 1,
2493 3772 2542 3832 8,

1529 3854 1854 3915 eloquentiam
1879 3863 2024 3901 ornat
2051 3862 2232 3912 orator,
2253 3852 2421 3900 iisdem
2443 3852 2542 3901 fere

1525 3931 1880 3995 philosophiam
1895 3944 2036 3979 ornat
2050 3931 2539 3997 philosophusfrnso.

1526 4012 1588 4067 V,
1613 4026 1640 4057 2
1657 4043 1671 4067 ,
1699 4010 1772 4059 Cl.
1792 4013 1926 4058 Oret.
1951 4014 2001 4071 1,
2040 4028 2098 4074 9,
2129 4023 2178 4059 et
2203 4013 2373 4077 poesin
2395 4022 2538 4076 poet·

1527 4090 1804 4136 ‘Venusinus
1826 4090 1978 4154 Epist.
2004 4090 2069 4137 sd
2091 4092 2256 4139 Pison.
2279 4094 2502 4153 391-401
2519 4124 2536 4151 ‚

1527 4178 1670 4232 atque
1711 4183 1800 4215 suo
1839 4171 1948 4230 jure
1985 4181 2199 4233 uterque.
2245 4168 2370 4217 Nm
2407 4172 2538 4219 enti·
