2982 4682
675 433 804 502 AD
855 429 1442 516 HERENNIUM‚
1487 431 1759 500 LIBER
1805 431 1932 515 IV,
1991 433 2097 515 ¹4·
2318 430 2449 529 ¹9⁵

419 556 813 627 Conversio
859 567 1002 640 est,
1055 577 1189 652 per
1235 575 1458 648 quam
1510 575 1701 640 non,
1754 563 1837 624 ut
1882 565 2090 641 ante,
2136 555 2449 652 primum

325 667 718 761 repetimus
769 661 1076 740 verbum
1095 717 1116 748 ‚
1175 661 1301 736 sed
1353 661 1446 734 ad
1496 677 1947 760 postremum
1998 666 2461 740 continenter

327 777 778 858 revertimur,
809 771 1200 844 hoc-modo
1233 798 1250 842 ε
1279 757 1595 844 «Poenos
1636 770 1952 870 populus
1978 796 2321 846 romanus
2347 775 2461 870 ju·

331 884 520 956 stitia
536 883 728 966 vicit,
749 883 966 952 armis
990 881 1158 952 vicit
1173 933 1192 968 ,
1219 880 1645 954 liberalitate
1662 883 1895 953 vicit».
1912 883 2123 969 Item,
2135 911 2169 948 α
2184 887 2289 956 Ex
2306 909 2461 982 quo

333 1006 662 1090 tempore
711 990 1100 1062 concordia
1144 988 1236 1063 de
1285 992 1575 1064 civitate
1628 990 1911 1062 sublata
1962 1008 2104 1080 est,
2172 993 2467 1069 libertas

336 1101 611 1174 sublata
642 1115 784 1188 est,
813 1098 994 1172 fides
1025 1101 1308 1174 sublata
1341 1115 1475 1189 est,
1500 1102 1811 1196 amicitia
1838 1101 2115 1174 sublata
2146 1118 2294 1192 est,
2316 1127 2466 1178 res-

337 1211 626 1312 publica
663 1209 942 1282 sublata
979 1226 1090 1284 est
1117 1242 1173 1282 n.
1201 1215 1383 1284 Item
1404 1263 1425 1298 ,
1463 1241 1499 1277 α
1529 1216 1606 1283 C.
1640 1210 1899 1283 Laelius
1939 1211 2166 1284 homo
2194 1211 2469 1288 navus⁸
2496 1205 2513 1220 ”

337 1337 522 1410 erat,
553 1324 966 1418 ingeniosus
997 1337 1152 1394 erat
1173 1375 1194 1409 ,
1237 1319 1497 1394 doctus
1524 1336 1677 1394 erat
1698 1375 1719 1409 ,
1760 1321 1979 1394 bonis
2012 1324 2181 1394 viris
2212 1338 2286 1396 et
2316 1339 2469 1398 stu·

338 1431 600 1504 diosis7
649 1432 924 1503 amicus
971 1447 1132 1504 erat
1175 1456 1408 1529 tergo
1461 1433 1537 1504 in
1582 1433 1869 1504 civitate
1914 1434 2192 1532 primus
2246 1450 2401 1508 erat
2418 1465 2475 1506 ι.

289 1578 296 1584 ·
339 1547 562 1630 Item,
599 1573 634 1610 α
668 1545 852 1614 Nam
893 1567 1123 1639 quum
1163 1544 1373 1631 istos,
1417 1557 1501 1614 ut
1539 1541 1917 1614 absolvant
1952 1559 2066 1634 te,
2104 1568 2357 1643 rogas3
2393 1561 2481 1620 ut

342 1655 697 1752 pejerent,
733 1675 988 1750 rogas;
1029 1667 1114 1726 ut
1147 1654 1748 1726 existimationem
1794 1653 2191 1752 negligant,
2230 1679 2477 1758 rogas;

344 1779 422 1836 ut
452 1765 644 1859 leges
670 1762 924 1859 populi
961 1765 1242 1834 romani
1267 1779 1410 1834 tuae
1443 1763 1732 1836 libidini
1756 1764 2173 1862 largiantur,
2202 1769 2476 1867 rogasit.
2570 1779 2575 1785 ’

437 1877 624 1946 XIV.
685 1870 891 1968 (nv.)
937 1871 1364 1971 complexio
1399 1888 1509 1945 est
1531 1884 1582 1960 ¹,
1643 1897 1805 1970 quae
1840 1889 2229 1974 utramque
2276 1901 2483 1952 com-

347 1984 690 2082 plectitur
723 1977 1311 2070 exornationem,
1347 1997 1421 2054 et
1458 1981 1685 2064 hanc,
1720 1996 1797 2053 et
1818 2007 2041 2080 quam
2069 1999 2235 2058 ante
2267 2006 2485 2086 expo-

353 2097 664 2178 suimus,
691 2105 774 2163 ut
801 2103 875 2161 et
895 2107 1267 2191 repetatur
1293 2090 1484 2164 idem
1509 2093 1825 2190 primum
1850 2089 2157 2165 verbum
2184 2098 2481 2194 saepius,

349 2220 418 2278 et
450 2203 706 2276 crebro
733 2202 822 2276 ad
847 2201 1042 2276 idem
1069 2216 1513 2300 postremum
1546 2216 2014 2288 revertamur,
2041 2202 2183 2276 hoc
2208 2205 2435 2278 modo
2454 2233 2475 2276 :
2536 2281 2541 2286 .

351 2346 384 2381 α
399 2319 544 2409 Qui
561 2329 756 2405 sunt,
776 2316 908 2415 qui
929 2313 1204 2387 foedera
1223 2335 1410 2410 saepe
1427 2311 1818 2411 ruperunt?
1841 2312 2483 2413 Carthaginienses.

352 2427 496 2517 Qui
521 2440 726 2514 sunt,
758 2427 889 2523 qui
910 2422 1198 2495 crudele
1227 2421 1503 2493 bellum
1532 2423 1605 2494 in
1630 2421 1829 2495 ltalia
1856 2424 2281 2521 gesserunt?
2306 2430 2487 2499 Car-

351 2536 853 2634 thaginienses.
892 2534 1042 2625 Qui
1073 2547 1278 2615 sunt,
1323 2534 1451 2630 qui
1491 2533 1767 2604 Italiam
1788 2542 1817 2575 ²
1856 2531 2489 2607 deformaverunt?

351 2646 992 2741 Carthaginienses.
1031 2642 1176 2735 Qui
1200 2655 1410 2739 sunt,
1441 2642 1573 2739 qui
1604 2641 1739 2712 sibi
1778 2642 2153 2739 postulant
2174 2642 2489 2741 ignosci?

354 2751 1252 2854 Carthaginienses.Videte
1275 2775 1482 2848 ergo,
1519 2748 1697 2847 quid
1732 2743 2154 2822 conveniat-⁹·
2188 2777 2315 2825 eos
2348 2754 2486 2823 im·-

359 2885 636 2967 petrare
657 2896 710 2935 n.
739 2870 920 2937 Item
943 2917 962 2948 ,
989 2892 1024 2928 α
1047 2864 1287 2952 Quem
1313 2874 1611 2931 senatus
1642 2857 2001 2929 damnarit
2023 2913 2041 2947 ,
2078 2884 2297 2959 quem
2346 2882 2483 2961 po·

357 2980 570 3078 pulus
607 2998 952 3049 romanus
988 2972 1384 3058 damnarit,
1429 2992 1651 3067 quem
1688 2972 2017 3039 omnium
2055 2971 2489 3076 existimatio

358 3088 714 3162 damnarit
734 3138 755 3173 ,
783 3109 954 3159 eum
991 3106 1120 3154 vos
1157 3080 1533 3155 sententiis
1560 3078 1813 3149 vestris
1840 3077 2229 3152 absolvetis
2257 3080 2347 3149 ἓ»

365 3408 410 3445 et
435 3380 555 3445 aaa.
580 3388 898 3453 mamea.
923 3384 1239 3452 msam.
1256 3384 1377 3433 va»
1469 3382 1617 3433 -ma
1649 3394 1704 3431 m
1747 3398 1860 3433 eum
1900 3383 2174 3435 maim
2211 3397 2263 3437 οι
2305 3388 2493 3439 son.-

362 3476 476 3525 bum
494 3472 642 3523 etiam
664 3484 771 3534 cap.
798 3476 864 3526 ²4
898 3467 1125 3515 occurrit.
1151 3466 1283 3515 Eut.
1309 3489 1380 3501 —
1467 3462 1623 3511 civem
1640 3460 1883 3523 judiam
1898 3482 1941 3510 n.
1966 3464 2139 3515 Gau-r.

359 3554 440 3603 Sic
470 3550 671 3619 plurimi
689 3548 811 3599 MSS
829 3545 963 3611 apud
988 3542 1382 3609 Oudendorp.ut
1540 3542 1678 3589 xIV.
1721 3557 1767 3590 ι.
1799 3541 2098 3608 complexio.
2123 3543 2394 3615 Συμπλοιῆ.
2416 3549 2493 3603 n·

363 3644 565 3685 testatur
589 3624 786 3677 Schiitz.
1063 3629 1068 3636 ⁴
1149 3669 1158 3679 x
1470 3634 1525 3667 ea
1550 3618 1763 3683 Quintil.
1793 3622 1899 3680 11,
1926 3622 1991 3685 3,
2022 3622 2109 3671 31.

433 3714 484 3763 6.
521 3708 704 3758 Nat-us·
731 3708 842 3754 Hoc
869 3717 1034 3753 verum
1055 3716 1213 3761 enon,
1249 3709 1306 3747 nt
1329 3696 1382 3745 in
1546 3712 1593 3747 a.
1615 3697 1815 3747 Italam
1828 3698 2233 3764 deformaverunt.
2254 3702 2495 3754 Omnbus

367 3790 616 3842 nonnullis
639 3784 821 3841 editur,
843 3797 1004 3829 novus.
1022 3776 1138 3831 sca.
1471 3774 1713 3825 bellorum
1736 3776 1954 3827 cladibus
1974 3777 2299 3831 fed-vemat.

433 3886 488 3939 7.
524 3865 670 3916 Bonis
702 3859 826 3911 viris
863 3870 910 3908 σε
955 3856 1192 3907 studiosis.
1234 3854 1384 3903 Palat.
1546 3854 1598 3903 3.
1629 3852 1763 3918 Quid
1784 3856 2049 3907 eumeniae.
2092 3858 2259 3909 Plures
2282 3859 2409 3909 MSS
2440 3870 2492 3909 ot

367 3960 524 4017 quart,
553 3955 680 3995 sext.
713 3944 829 3989 item
847 3940 929 3988 Br.
953 3948 1002 3985 et
1021 3934 1162 3983 Febr.
1186 3931 1382 3991 studiis,
1472 3932 1553 3982 ed.
1584 3930 1721 3981 Med.
1758 3950 1835 3998 pr.
1864 3934 2043 3983 babent
2081 3956 2107 3977 ι
2126 3952 2271 4000 quam
2306 3953 2490 3988 eonve-

367 4044 511 4095 qnam
563 4022 847 4073 varietatem
894 4014 1087 4083 peperit
1131 4012 1384 4061 insolentia
1471 4013 1641 4071 nist-n,
1686 4010 1821 4077 quod
1860 4014 2059 4079 profert
2096 4016 2229 4067 end.
2276 4020 2493 4067 Romn-

369 4108 523 4159 vorbi.
580 4100 759 4153 Rarius
803 4097 929 4147 enim
975 4092 1242 4142 studiosum
1291 4106 1385 4157 pro
1474 4090 1601 4155 quid
1640 4100 1809 4139 natum
1848 4100 1921 4141 est
1964 4108 1993 4141 e
2034 4092 2135 4157 qm'.
2168 4094 2268 4145 Sed
2303 4095 2497 4163 vulga-

369 4188 506 4235 hono
524 4193 576 4232 et
601 4176 761 4245 probo
782 4174 898 4225 dict.
913 4176 1086 4229 Cicero
1103 4186 1198 4237 pro
1225 4170 1382 4235 Ligur.
1473 4168 1603 4219 bona
1622 4178 1711 4217 est·
1733 4170 1861 4218 Ean.

2130 4256 2238 4330 13.
