2982 4682
415 279 454 322 2
471 252 556 326 ι6
1107 255 1202 322 Μ.
1254 255 1330 321 T.
1383 253 1873 322 CICERONIS

413 399 622 463 nem,
653 375 758 446 sic
791 401 806 442 ε
855 403 890 438 α
915 375 1098 444 Nam
1135 372 1312 470 quid
1353 397 1472 444 me
1522 371 1756 444 facere
1798 371 2203 461 convenit⁶‚
2238 399 2467 472 quum
2502 399 2544 446 a

414 499 612 556 tanta
645 482 1018 555 Gallorum
1053 482 1523 554 multitudine
1552 482 2153 555 circumsederer?
2182 487 2291 554 An
2334 483 2543 554 dimi-

415 595 700 668 carem?
721 610 793 666 at
818 617 1046 690 quum
1078 619 1294 691 parva
1323 619 1541 667 manu
1563 610 1718 666 tum
1752 594 2206 693 prodiremus
2220 605 2275 680 ⁷,
2303 594 2544 665 locum

415 728 713 803 quoque
743 705 1310 775 inimicissimum
1323 703 1795 778 habebamus.
1812 704 2149 776 Sederem
2166 706 2244 774 in
2268 705 2553 776 castris?

417 829 490 884 at
519 838 762 910 neque
785 811 1188 884 subsidium
1209 869 1230 900 ‚
1256 819 1454 912 quod
1494 832 2020 914 exspectarem,
2050 813 2552 902 habebamus⁸‚

345 915 356 924 ’
417 947 660 1022 neque
705 937 898 1009 erat,
945 926 1072 1020 qui
1113 925 1332 996 vitam
1369 925 2009 1024 produceremustv.
2049 929 2299 998 Castra
2332 926 2553 999 relin-

418 1035 764 1132 querem?
792 1048 866 1106 at
901 1033 1438 1107 obsidebamur.
1471 1038 1708 1108 Vitam
1740 1037 2047 1108 militum
2076 1037 2557 1136 negligerem?

417 1159 492 1216 at
516 1169 599 1216 ea
635 1142 928 1215 videbar
953 1169 1082 1215 eos
1097 1148 1454 1243 accepisse
1493 1146 1945 1233 conditione,
1966 1161 2049 1218 ut
2071 1202 2091 1234 ‚
2118 1145 2357 1245 quoad
2388 1171 2555 1246 pos-

419 1279 606 1338 sem,
661 1253 1064 1326 incolumes
1095 1256 1344 1351 patriae
1381 1269 1455 1326 et
1485 1255 1993 1353 parentibus¹⁰
2034 1279 2555 1329 conservarem.

417 1367 754 1438 Hostium
791 1363 1282 1435 conditionem
1322 1364 1829 1463 repudiarem?
1865 1381 1936 1438 at
1968 1366 2159 1438 salus
2190 1369 2559 1465 antiquior

421 1488 530 1548 est
601 1473 906 1548 militum
929 1527 950 1559 ‚
1004 1498 1224 1571 quam
1297 1474 2061 1573 impedimentorum».
2127 1477 2559 1573 Hujusmodi

423 1598 979 1682 consequuntur
999 1583 1398 1656 identidem
1426 1584 1953 1682 subjectiones»,
1974 1603 2059 1658 ut
2094 1613 2183 1660 ex
2218 1586 2561 1658 omnibus

425 1695 716 1768 ostendi
752 1693 1102 1781 videatur,
1137 1694 1318 1764 nihil
1349 1698 1633 1792 potius,
1658 1723 1877 1795 quam
1904 1696 2103 1794 quod
2140 1696 2407 1770 factum
2448 1700 2560 1784 sit,

424 1802 831 1876 faciendum
869 1801 1110 1876 fuisse.

523 1916 745 1986 XXV.
775 1913 992 2010 (xxm)
1018 1915 1386 1986 Gradatio¹
1409 1930 1559 2004 est,
1590 1919 1663 1987 in
1704 1942 1845 2015 qua
1880 1943 2030 1990 non
2067 1933 2235 1990 ante
2263 1918 2353 1990 ad
2390 1942 2563 1990 con·

427 2045 740 2119 sequens
775 2021 1080 2094 verbum
1117 2022 1602 2111 descenditur,
1636 2051 1847 2122 quam
1888 2027 1975 2099 ad
2023 2029 2352 2128 superius
2388 2053 2564 2100 con-

431 2270 542 2321 cop-
597 2264 677 2312 τά.
719 2256 846 2306 Eut.
888 2281 958 2294 -
999 2257 1160 2318 Quem
1201 2255 1459 2306 Sehfitzim

430 2337 666 2401 nequitur.
996 2333 1004 2343 ’

1549 2271 1573 2291 α
1590 2249 1927 2312 Habebamus,
1953 2253 2089 2316 quod
2122 2269 2301 2317 exsp·
2324 2252 2404 2300 ed.
2434 2251 2569 2298 Med.

1555 2332 1714 2397 1⁴9⁸,
1738 2343 1788 2381 et
1812 2333 2131 2397 pretulerim,
2148 2350 2212 2383 ue
2234 2332 2312 2382 bis
2333 2333 2571 2383 continuo

503 2418 554 2465 6.
581 2415 662 2463 &⁸0
683 2431 704 2461 .·
723 2414 983 2477 Numquid
1001 2431 1077 2461 me
1088 2414 1200 2479 sae.
1223 2414 1461 2464 convenit.

432 2495 516 2545 Sic
559 2496 686 2545 MSS
733 2492 878 2541 multi
923 2504 974 2540 et
1015 2492 1131 2541 edd.
1177 2503 1394 2551 veteres,
1434 2512 1461 2543 a

439 2582 575 2636 1474
609 2573 744 2622 Med.
782 2588 864 2637 pr.
901 2572 1108 2621 omnib.
1147 2574 1285 2621 Med.
1328 2576 1458 2637 1498

437 2652 552 2715 (uisi
575 2650 712 2716 quod
740 2649 888 2699 habet
929 2672 955 2692 οι
979 2652 1050 2699 sic
1087 2651 1322 2701 facimus:
1349 2668 1461 2700 nam

436 2730 558 2798 quid
605 2747 683 2779 me
727 2730 886 2779 facere
930 2731 1200 2779 couvenit—
1220 2731 1240 2795 )
1262 2768 1278 2791 ,
1317 2734 1459 2781 Junt.

437 2812 631 2861 Primus
663 2810 824 2861 Aldus
867 2810 1004 2860 dedit
1057 2833 1080 2855 ι
1107 2813 1390 2859 conveniret
1415 2832 1462 2873 n,

436 2891 590 2940 veluti
621 2890 720 2939 hoc
758 2890 1085 2939 desiderarent
1131 2902 1347 2957 tempora
1389 2906 1460 2937 ce·

437 2970 638 3035 quentia
661 2984 676 3019 z
704 2968 844 3034 quod
882 2986 983 3017 uon
1017 2980 1108 3018 est.
1137 2969 1366 3019 Convenit
1389 2980 1462 3017 eat

441 3048 672 3112 temporis
690 3048 891 3112 perfecti
913 3063 927 3096 t
955 3048 1076 3112 quid
1101 3048 1258 3097 facere
1282 3048 1464 3095 debui?

439 3128 568 3174 Eur.
593 3152 663 3163 —-
687 3126 802 3173 Haee
833 3125 897 3174 ad
923 3144 1114 3174 causam
1144 3127 1322 3191 Popilii
1344 3127 1465 3175 refe-

441 3204 619 3265 renda,
639 3203 702 3252 de
723 3220 826 3269 quo
850 3221 980 3269 resp.
1004 3208 1055 3265 1,
1077 3223 1184 3270 cap.
1210 3208 1291 3255 ¹5.

515 3299 565 3344 7.
601 3285 761 3347 Quum
796 3300 850 3348 p.
892 3301 959 3332 m.
1001 3297 1105 3331 eum
1145 3286 1466 3348 prodiremus.

443 3361 622 3411 Nescio
672 3379 820 3426 quare
864 3364 978 3411 viris
1022 3362 1179 3412 doctis
1217 3376 1472 3430 tantopere

445 3440 654 3489 arrideat
677 3462 701 3482 ιι
717 3456 866 3505 quum
893 3440 1038 3507 prod.
1058 3464 1083 3484 ι·
1111 3442 1245 3507 quod
1269 3458 1385 3490 sune
1403 3454 1474 3491 est

445 3518 500 3567 iu
525 3536 620 3567 scr.
649 3531 697 3568 et
727 3518 804 3567 ed.
837 3519 1041 3568 Mediol.
1078 3529 1229 3584 1474.
1257 3522 1384 3569 Mihi
1414 3539 1474 3570 ne

449 3614 618 3647 sensus
671 3597 869 3663 quidem
918 3601 1208 3649 commodus
1263 3600 1472 3651 videtur.

1550 2412 1715 2459 sedeat
1742 2428 1841 2461 vox
1864 2414 1917 2461 in
1941 2412 2094 2461 verbo
2120 2412 2404 2461 habeamus.

1623 2507 1677 2554 9.
1706 2492 1881 2557 Neque
1910 2504 2043 2548 eme,
2085 2492 2175 2557 qui
2202 2492 2359 2540 vitam
2382 2490 2571 2555 produ-

1550 2586 1782 2620 cet-emus.
1820 2572 1921 2636 Qui
1942 2572 2105 2637 recepi
2129 2588 2157 2619 e
2178 2573 2303 2622 MSS
2328 2569 2573 2635 pluribus,

1551 2649 1663 2698 edd.
1689 2653 1847 2711 1474,
1886 2653 2037 2718 1475,
2065 2650 2202 2699 Med.
2225 2667 2301 2714 pr.
2324 2664 2417 2715 pro
2439 2664 2535 2713 quo
2554 2666 2573 2695 .-

1552 2745 1663 2776 mm
1690 2730 1933 2794 eleganter
1960 2732 2141 2779 dIcitur
2166 2731 2258 2778 hac
2280 2730 2329 2776 iu
2352 2730 2503 2776 forma
2528 2738 2575 2775 et

1550 2810 1804 2859 sententia.
1835 2810 1963 2858 Ean.
1996 2836 2064 2847 —
2100 2831 2127 2851 .
2148 2810 2263 2871 Quo
2288 2808 2433 2855 vitam
2461 2822 2575 2870 pro·

1555 2887 1783 2937 ducerem
1808 2910 1833 2931 n
1869 2888 1950 2937 ed.
1991 2888 2132 2937 Med.
2178 2888 2325 2951 1498.
2362 2888 2581 2934 Fortasse

1552 2984 1649 3032 quo
1668 3005 1683 3028 ‚
1723 2966 1884 3016 deleto
1910 2968 2236 3026 habebamus,-
2257 2979 2312 3015 ut
2336 2967 2399 3013 sit
2429 2980 2443 3015 :
2483 2966 2579 3013 Ne-

1554 3062 1650 3110 que
1675 3046 1947 3095 subsidium
1970 3047 2106 3111 quod
2125 3057 2469 3111 exspectarem,
2494 3060 2582 3091 ue·

1556 3142 1651 3188 que
1677 3143 1777 3191 quo
1803 3127 1953 3174 vitam
1974 3126 2297 3191 producerem
2320 3121 2581 3191 (subsidio)

1558 3216 1674 3254 erat.

1640 3300 1718 3331 ro.
1750 3284 1931 3331 Patria
1962 3296 2013 3333 ee
2032 3276 2330 3347 parentibus.
2368 3302 2391 3323 ι
2409 3283 2469 3329 Et
2495 3298 2583 3345 pa-

1563 3366 1782 3413 rentibus
1803 3388 1825 3408 1·
1854 3366 1988 3413 abest
2020 3382 2045 3412 a
2080 3352 2193 3413 cod.
2224 3362 2395 3411 Duisb.
2434 3364 2587 3409 Recte

1564 3446 1798 3493 fortassis.
1824 3446 1939 3493 Sca.
2086 3432 2094 3445 “

1642 3527 1806 3571 XXV.
1837 3542 1880 3572 1.
1910 3522 2151 3571 Gradacae'o
2182 3516 2390 3589 (κλίμαξ
2408 3521 2586 3582 Quint.

1566 3606 1640 3651 lx
1656 3638 1670 3661 ‚
1701 3606 1753 3667 3)
1773 3620 1875 3651 uon
1901 3602 2029 3651 idem
2054 3614 2124 3650 est
2148 3601 2282 3665 quod
2296 3600 2591 3649 recentiores

451 3677 761 3725 Prodit-emus
781 3688 855 3725 est
881 3680 1122 3743 prodituri
1140 3692 1360 3727 eramus:
1385 3680 1482 3727 uisi
1570 3685 1668 3732 hoc
1697 3683 1895 3731 nomine
1922 3681 2215 3745 intelligunt.
2246 3684 2507 3745 Proprium
2533 3680 2589 3725 il·

453 3756 594 3821 plane
625 3756 886 3821 legendum
905 3758 1251 3823 prodissemus.
1272 3760 1480 3807 Eut.—

455 3836 787 3887 Prodissemus
811 3848 952 3903 putat
965 3838 1228 3887 Wetzelius
1247 3855 1346 3885 non
1367 3853 1484 3886 cou-

454 3919 623 3967 venire
642 3936 754 3967 cum
775 3935 878 3984 seq.
901 3920 1209 3968 habebamus.

529 3998 579 4045 8.
614 3998 764 4063 Quod
781 4010 1138 4063 eaespecearem,
1167 3997 1483 4046 habebamus.

1571 3763 1669 3810 lius
1713 3772 1813 3823 est,
1854 3761 2049 3809 nonnisi
2098 3762 2307 3825 repetito
2345 3760 2592 3825 superiore

1574 3840 1724 3889 verbo
1746 3840 1811 3887 ad
1834 3839 1966 3887 aliud
1984 3840 2205 3887 transire.
2224 3840 2415 3889 Profert
2430 3852 2593 3885 exem·

1574 3922 1710 3987 plum
1754 3936 1815 3967 ex
1860 3920 2080 3967 oratioue
2116 3936 2207 3983 pro
2252 3918 2437 3967 Roscio
2480 3919 2591 3965 Am.

1578 4017 1686 4065 cap.
1712 4017 1795 4061 ²7·
1828 4000 1951 4047 J.v.
1985 4000 2039 4045 t..
