2982 4682
727 383 853 450 AD
903 380 1478 464 ΗΕΒΕΝΝῙΠΜ,
1506 381 1801 468 LIBER
1842 381 1983 466 lv,
2034 408 2097 452 α.
2360 381 2491 479 ι69

366 502 729 588 monium,
775 503 876 572 sic
911 501 1320 599 exemplum
1347 555 1366 588 ,
1413 504 1521 571 rei
1568 491 2077 572 confirmandae
2119 525 2328 576 musa
2372 529 2521 576 su·-

369 615 610 682 mitur.
673 617 837 684 Non
893 636 1068 710 ergo
1121 625 1416 709 oportet
1464 611 1642 698 hoc,
1702 613 1839 682 nisi
1892 637 1932 684 a
1994 612 2497 710 probatissimo

367 723 593 809 sumi,
621 746 718 793 ne
738 776 758 810 ,
799 721 999 820 quod
1033 721 1226 794 aliud
1259 721 1687 793 confirmare
1716 720 1995 809 debeat,
2030 737 2234 821 egeat
2257 726 2495 822 ipsum

368 829 930 904 confirmationis
949 843 1034 902 ¹¹.
1059 833 1341 903 Etenim
1371 855 1665 903 necesse
1694 845 1803 902 est
1824 885 1845 917 ‚
1882 846 2009 902 aut
2044 856 2121 902 se
2150 833 2495 904 omnibus

367 955 845 1039 anteponant,
865 955 936 1013 et
961 965 1089 1013 sua
1125 943 1434 1013 maxime
1463 938 1813 1038 probent,
1852 955 1977 1012 aut
2010 957 2277 1040 negent
2308 944 2497 1040 opti-

370 1075 486 1123 ma
519 1077 674 1124 esse
709 1053 1039 1150 exempla
1061 1105 1080 1140 ,
1105 1077 1266 1149 quae
1309 1077 1350 1130 a
1382 1049 1905 1149 probatissimis
1934 1051 2346 1124 oratoribus
2374 1067 2501 1124 aut

369 1163 608 1260 poetis
649 1176 935 1260 sumpta
971 1163 1114 1232 sint
1145 1173 1230 1232 ¹².
1269 1164 1342 1233 Si
1374 1185 1450 1233 se
1487 1159 1829 1234 omnibus
1864 1177 2350 1261 anteponant,
2394 1163 2501 1232 iu-

370 1270 727 1346 tolerabili
759 1273 1162 1369 arrogantia
1205 1284 1414 1354 sunt3
1451 1273 1511 1342 si
1553 1295 1741 1369 quos
1772 1269 1909 1344 sibi
1934 1285 2397 1369 praeponant,
2424 1284 2499 1340 et

337 1399 344 1406 ’
371 1405 624 1453 eorum
649 1382 981 1480 exempla
1011 1384 1158 1454 suis
1171 1380 1529 1479 exemplis
1560 1405 1711 1451 non
1744 1395 2013 1478 putent
2036 1379 2095 1427 ¹3
2128 1395 2462 1480 praestare
2480 1433 2499 1466 ‚

371 1516 516 1563 non
559 1507 866 1591 possunt
910 1491 1190 1579 dicere,
1222 1517 1448 1591 quare
1479 1491 1616 1564 sibi
1647 1491 1805 1562 illos
1835 1505 2303 1590 anteponant.

463 1605 552 1673 ΙΙ.
604 1601 800 1692 Quid
842 1604 1058 1700 igitur
1101 1603 1295 1700 ipsa¹
1335 1603 1723 1674 auctoritas
1770 1604 2285 1700 antiquorum?
2330 1626 2495 1674 nam

371 1735 596 1807 quum
633 1723 796 1784 res²
833 1711 1402 1811 probabilioreS,
1467 1727 1623 1783 tum
1680 1711 2063 1784 hominum
2117 1713 2353 1784 studia
2402 1713 2495 1782 ad

369 1821 812 1912 imitandum,
834 1823 1175 1894 alacriora
1210 1821 1481 1894 reddit:
1510 1823 1734 1891 immo
1764 1822 1977 1919 erigit
1998 1825 2329 1893 omnium
2369 1845 2496 1893 cu-

371 1935 740 2030 piditates,
782 1951 856 2007 et
885 1939 1076 2034 acuit
1115 1935 1543 2007 industriam
1568 1990 1587 2022 ‚
1624 1959 1851 2034 quum
1882 1959 2047 2032 spes
2072 1936 2333 2031 injecta
2363 1949 2497 2019 est,

370 2073 578 2147 posse
615 2051 966 2122 imitando
990 2105 1010 2138 ‚
1061 2049 1406 2137 Gracchi,
1453 2066 1576 2120 aut
1615 2051 1849 2120 Crassi
1886 2031 2237 2148 consequi
2272 2049 2501 2120 facul-

373 2176 615 2236 tatem.
651 2168 1026 2236 Postremo
1061 2163 1202 2235 hoc
1249 2166 1486 2260 ipsum
1529 2178 1636 2233 est
1679 2184 2045 2231 summum
2078 2159 2457 2231 artificium
2481 2215 2501 2246 ‚

367 2295 482 2345 res
523 2275 751 2345 varias
793 2288 866 2345 et
908 2272 1226 2372 dispares
1268 2276 1342 2343 in
1391 2285 1502 2343 tot
1546 2269 2005 2369 poematibus
2040 2285 2115 2343 et
2155 2272 2502 2341 orationi·

369 2376 508 2453 bus
541 2406 824 2480 sparsas
848 2438 868 2471 ‚
911 2396 984 2453 et
1018 2382 1569 2480 vage·disjectas
1591 2435 1609 2468 ,
1646 2382 1743 2451 ita
1788 2380 2170 2478 diligenter
2198 2383 2459 2477 eligere
2482 2437 2501 2466 ‚

371 2512 454 2569 ut
507 2498 1092 2596 unumquodque
1150 2522 1380 2597 genus
1432 2497 1937 2595 exemplorum
1992 2496 2131 2571 sub
2181 2497 2506 2597 singulos

367 2610 537 2680 artis
571 2609 772 2681 locos
823 2608 1180 2704 subjicere
1221 2610 1473 2705 possiS.
1526 2614 1683 2679 Hoc
1744 2608 1805 2678 si
1858 2607 2211 2679 industria
2270 2608 2505 2679 solum

365 2716 522 2791 fieri
565 2733 845 2816 posset,
891 2717 1134 2790 tamen
1191 2742 1511 2790 essemus
1547 2716 1931 2800 laudandi,
1993 2744 2225 2815 quum
2290 2718 2503 2789 talem

369 2827 686 2901 laborem
737 2854 890 2903 non
938 2827 1409 2924 fugissemus:
1455 2852 1653 2897 nunc
1692 2830 1849 2901 sine
1900 2822 2235 2899 summo3
2272 2828 2501 2899 artifi-

367 3034 474 3067 rum
504 3018 656 3069 codd.
689 3018 890 3083 vestigia
927 3017 1234 3067 commodius
1267 3034 1390 3066 eou-
1479 3028 1875 3080 nunt-..putant
1896 3038 1937 3064 ι.
1968 3016 2286 3077 ludin-fivia,
2310 3018 2501 3083 iuquit,

367 3098 519 3147 stimi.
1479 3096 1563 3144 hic
1590 3112 1717 3161 opus
1743 3107 1835 3144 est.

443 3193 464 3225 r
479 3193 522 3226 1.
573 3178 734 3243 Egeae
785 3176 940 3241 ipsum
983 3176 1386 3245 confirmationis.
1550 3176 1617 3222 11.
1646 3190 1665 3221 ι
1678 3210 1691 3221 .
1725 3177 1841 3239 Ipsa
1869 3176 2155 3224 auceon‘tas.
2178 3178 2296 3242 ζρεα
2318 3178 2457 3227 abent
2474 3196 2503 3227 a

368 3258 547 3320 -Egut
567 3256 622 3303 id
643 3257 802 3320 ipoum
837 3252 1208 3304 continuatione
1226 3277 1250 3299 n
1275 3256 1388 3306 edd.
1482 3253 1595 3301 cod·
1624 3254 1801 3303 Duisb.
1832 3258 1950 3303 Sca.

373 3337 532 3397 1496,
553 3346 604 3383 et
628 3350 738 3398 quae
765 3344 1050 3397 sequuntur.
1551 3348 1600 3381 a.
1630 3334 1759 3381 Nam
1786 3351 1935 3399 quum
1974 3350 2051 3381 res
2075 3335 2215 3398 prob.
2248 3336 2385 3398 Quid
2422 3336 2505 3385 hic

442 3416 730 3478 1251aeme
748 3412 863 3461 sint.
889 3415 970 3462 Sic
993 3414 1118 3462 MSS
1139 3430 1242 3461 uou
1267 3430 1388 3478 pau·
1475 3411 1543 3459 sit
1563 3428 1682 3459 nam
1710 3429 1857 3461 nemo
1876 3423 2021 3478 queat
2046 3414 2233 3476 dicere,
2258 3430 2351 3463 uec
2373 3416 2503 3463 enim

366 3495 414 3543 ci
432 3507 482 3543 et
501 3494 614 3543 edd.
635 3510 712 3559 pr.
737 3510 919 3541 omnes.
932 3494 1088 3543 Etiam
1111 3495 1164 3541 iu
1179 3509 1386 3557 sequen·
1475 3490 1603 3538 ratio
1642 3493 1910 3555 superioris
1950 3492 2194 3542 redditur.
2224 3494 2511 3559 Suspicatus

364 3574 526 3636 tibus,
548 3584 632 3622 out
654 3571 960 3636 «arrogantia
983 3573 1079 3621 sint
1093 3594 1146 3632 a,
1175 3584 1224 3620 et
1239 3594 1264 3614 u
1281 3588 1384 3621 nou
1471 3585 1579 3619 eum
1594 3572 1905 3619 scribendum
1921 3588 2051 3631 esse,
2085 3594 2107 3615 ι
2126 3589 2245 3631 non,
2264 3590 2443 3637 quum.
2456 3612 2469 3623 .
2484 3610 2497 3623 .

365 3654 554 3718 possint
596 3652 838 3711 dicere»,
883 3652 1192 3701 scribendum
1237 3663 1390 3717 puto,
1477 3648 1717 3697 redditih·
1746 3652 1879 3699 Ean.
1919 3677 1991 3687 —
2028 3652 2185 3713 Cujus
2222 3654 2509 3703 sententiam

363 3744 449 3783 aut
479 3733 824 3793 conjunctivo·
850 3732 902 3779 iu
943 3732 1238 3780 indicativus
1277 3746 1388 3778 mu·
1477 3728 1593 3776 Sch.
1616 3740 1853 3792 sequutus
1880 3740 1953 3777 est
1970 3762 1987 3787 ,
2028 3741 2075 3778 et
2104 3730 2315 3794 protulit
2337 3752 2359 3773 ι
2384 3748 2510 3792 nou,

363 3810 568 3872 nudos,
605 3820 982 3875 anteponunt,
1022 3819 1320 3875 pmpouuut
1337 3828 1387 3857 ι.
1478 3822 1631 3871 quum
1674 3822 1751 3855 res
1762 3842 1884 3857 .....
1896 3807 2099 3856 reddit?
2118 3832 2142 3851 ι·
2170 3808 2298 3857 Cod.
2337 3810 2512 3861 Duisb,

363 3890 426 3939 Et
446 3890 634 3939 variant
659 3890 740 3937 hic
765 3890 879 3937 libri
899 3904 914 3938 τ
947 3888 1033 3939 sed
1073 3888 1238 3937 nullus
1273 3903 1391 3937 con·
1479 3902 1579 3934 non
1603 3899 1723 3934 mm.

363 3980 548 4019 stanter
573 3980 732 4017 totum
759 3980 889 4016 recte
913 3969 1132 4017 exbibet.
1153 3970 1279 4016 Ειιισ.
1546 3966 1599 4013 3.
1626 3966 1773 4013 Nemo
1804 3966 1913 4013 sine
1944 3980 2149 4013 summo.
2180 3964 2349 4015 nelevi
2382 3982 2506 4015 vero

439 4049 518 4097 13.
547 4050 868 4113 Anteponant
978 4058 1280 4111 pra-ponam
1307 4082 1318 4093 .
1338 4082 1347 4091 .
1364 4078 1376 4091 .
1477 4056 1590 4107 poet
1616 4061 1749 4092 nunc
1768 4062 1787 4092 .·
1822 4043 1959 4091 abest
1993 4060 2020 4091 a
2054 4043 2179 4093 MSS
2205 4054 2259 4092 et
2282 4043 2399 4094 edd.
2424 4062 2512 4111 pr.

357 4137 544 4193 putent.
562 4126 676 4175 Sol».
699 4148 726 4171 ιι
741 4136 1044 4191 anteponunt
1055 4160 1180 4175 .....
1191 4142 1384 4190 praepo·
1475 4134 1525 4170 et
1570 4124 1674 4171 sine
1718 4122 1873 4171 dubio
1920 4122 2097 4171 metius
2143 4123 2297 4172 abest.
2344 4125 2501 4175 Aldus
