2982 4682
760 389 884 458 DE
934 356 1533 478 INVEN‘rloNE,
1582 391 1846 459 LIBER
1899 391 1996 474 11,
2049 415 2158 485 29.
2382 388 2521 476 453

401 513 727 583 ‹laciam7
757 511 866 580 sui
892 512 1415 608 conquestione
1443 539 1457 580 :
1489 535 1646 583 rem
1683 535 1832 582 non
1861 536 1950 580 ex
1979 515 2272 582 nomine
2299 514 2523 609 ipsius

402 621 702 716 negotii,
740 619 861 690 sed
893 644 980 690 ex
1006 621 1305 692 consilio
1339 622 1530 716 ejus,
1578 623 1706 719 qui
1745 617 2025 706 fecerit,
2057 635 2130 690 et
2162 645 2408 703 causa,
2446 636 2520 692 et

402 745 729 828 tempore
762 729 1193 800 considerari
1224 727 1560 828 oportere
1597 757 1612 798 τ
1644 719 1819 826 quid
1852 728 2018 799 mali
2047 726 2372 799 futurum
2399 733 2519 816 sit,

402 854 530 910 aut
564 865 649 910 ex
690 841 978 933 injuria,
1027 855 1150 910 aut
1179 865 1263 911 ex
1305 840 1571 911 scelere
1607 839 1950 932 alicujus,
2003 838 2140 906 nisi
2180 852 2411 924 tanta,
2455 855 2527 910 et

402 962 547 1016 tam
580 948 955 1045 perspicua
990 948 1283 1019 audacia
1310 947 1562 1034 abeo,
1603 947 1690 1018 ad
1727 949 1933 1041 cujus
1962 944 2256 1034 famam,
2289 961 2412 1016 aut
2433 947 2518 1016 ad

403 1069 771 1153 pai-enta,
819 1070 945 1126 aut
986 1055 1071 1126 ad
1119 1055 1385 1128 liberos
1422 1059 1890 1157 pertinuerit,
1932 1071 2056 1127 aut
2085 1055 2173 1126 ad
2213 1055 2522 1152 aliquam

406 1189 595 1250 rem,
628 1189 843 1260 quam
883 1187 1119 1235 caram
1158 1191 1311 1236 esse
1338 1162 1716 1248 omnibus,
1754 1181 1879 1237 aut
1903 1189 2192 1237 necesse
2222 1179 2363 1252 est,
2401 1181 2526 1236 aut

404 1287 690 1368 oportet
739 1297 924 1357 esse,
976 1271 1196 1345 fuerit
1230 1275 1604 1348 vindicata.

500 1384 755 1451 XXIX.
796 1381 1083 1478 (xxix.)
1131 1386 1462 1455 Remotio
1513 1386 1864 1456 criminis¹
1909 1400 2047 1470 est,
2096 1408 2324 1481 quum
2372 1387 2526 1480 ejus

402 1493 707 1562 intentio
743 1489 942 1577 facti,
979 1493 1178 1589 quod
1216 1493 1307 1565 ab
1344 1493 1746 1566 adversario
1781 1493 2129 1580 infertur,
2167 1496 2243 1563 in
2271 1495 2524 1578 alium,

403 1615 529 1670 aut
570 1603 647 1670 in
684 1600 877 1671 aliud
914 1600 1342 1674 demovetur
1358 1604 1537 1706 ²„1d
1575 1603 1658 1674 fit
1692 1602 2035 1701 bipertito
2064 1598 2116 1670 3.
2153 1605 2333 1673 Nam
2368 1617 2518 1674 tum

404 1733 651 1795 causa,
710 1722 864 1778 tum
920 1735 1033 1781 res
1096 1716 1251 1810 ipsa
1299 1727 1732 1783 removetur.
1801 1716 2045 1784 Causae
2102 1713 2528 1782 remotionis

404 1815 545 1886 hoc
594 1816 803 1887 nobis
855 1820 1187 1915 exemplo
1242 1823 1375 1892 sit:
1420 1849 1453 1884 α
1480 1819 1744 1892 Rhodii
1797 1819 2148 1916 quosdam
2197 1821 2527 1917 legarunt

400 1925 737 1997 Athenas.
782 1931 1062 2023 Legatis
1101 1942 1491 2023 quaestores
1533 1943 1901 2026 sumptum
1925 1980 1944 2014 ‚
1983 1950 2198 2022 quem
2238 1943 2523 2024 oporte-

400 2033 525 2105 bat
560 2034 749 2122 dari,
786 2061 935 2106 non
961 2034 1339 2107 dederunt.
1378 2041 1625 2135 Legati
1658 2034 1964 2134 profecti
1997 2061 2145 2106 non
2182 2053 2371 2108 sunt.
2399 2044 2528 2108 Ac-

402 2158 745 2214 cusantur
762 2173 817 2212 n.
847 2147 1166 2216 Intentio
1194 2161 1301 2218 est
1320 2198 1337 2231 ‚
1373 2144 1785 2216 «Proficisci
1810 2147 2135 2244 oportuit
2161 2175 2216 2213 n.
2253 2147 2524 2244 Depul-

402 2254 509 2324 sio
539 2269 679 2340 est,
706 2283 741 2319 c<
758 2259 922 2326 Non
951 2258 1346 2365 oportuit».
1368 2257 1686 2348 Quaestio
1705 2271 1848 2343 est,
1867 2287 1900 2320 «
1925 2255 2445 2353 Oportueritne
2466 2288 2519 2326 n.

401 2364 609 2432 Ratio
638 2378 778 2450 est,
818 2392 851 2429 «
872 2368 1219 2464 Sumptus
1246 2368 1438 2437 enim
1456 2422 1475 2455 ‚
1519 2370 1644 2463 qui
1673 2365 1764 2437 de
1785 2364 2078 2463 publico
2115 2363 2269 2436 dari
2299 2366 2480 2437 solet
2503 2422 2520 2451 ‚

401 2473 461 2541 is
496 2470 585 2541 ab
622 2486 981 2569 quaestore
1028 2498 1175 2544 non
1215 2490 1325 2545 est
1360 2476 1641 2546 datus».
1686 2475 2086 2546 Infirmatio
2137 2488 2280 2559 est,
2323 2476 2522 2544 «Vos

402 2594 641 2652 tamen
693 2580 799 2668 id,
842 2582 1043 2678 quod
1104 2582 1399 2680 publice
1445 2584 1652 2655 vobis
1695 2584 1946 2655 datum
2007 2598 2158 2655 erat
2209 2583 2522 2679 negotii,

401 2688 759 2761 conficere.
796 2692 1252 2789 oportebat».
1302 2694 1662 2765 Judicatio
1712 2709 1854 2774 est,
1890 2722 1924 2757 ιι
1953 2695 2195 2782 Quum
2236 2693 2356 2772 iis,
2397 2694 2518 2787 qui

398 2798 609 2895 legati
667 2818 907 2889 erant,
964 2818 1333 2901 summm,
1402 2805 1529 2900 qui
1581 2804 1670 2874 de
1738 2801 2032 2899 publico
2087 2799 2524 2887 debebatur,

398 2932 551 2976 non
595 2906 920 2997 daretur,
960 2915 1463 3008 oportueritne
1497 2938 1622 2984 eos
1665 2909 2023 2983 conficere
2051 2910 2524 2981 nihilominus

398 3013 827 3110 legationem
850 3046 904 3087 n.
938 3025 1089 3091 Hoc
1118 3023 1188 3090 in
1218 3046 1481 3117 genere
1519 3023 1871 3119 primum,
1909 3020 2093 3090 sicut
2123 3021 2199 3089 in
2229 3022 2522 3100 ceteriS‚

397 3128 457 3196 si
490 3125 669 3222 quid
704 3141 829 3197 aut
871 3150 959 3197 ex
1002 3130 1502 3222 conjecturali,
1540 3145 1663 3201 aut
1707 3154 1792 3201 ex
1832 3128 1964 3199 alia
2009 3128 2523 3199 constitutione

396 3238 582 3307 sumi
611 3238 877 3334 possit,
912 3236 1138 3309 videri
1174 3238 1544 3335 oportebit
1562 3239 1611 3310 4.
1646 3239 1928 3311 Deinde
1958 3240 2301 3337 pleraque
2335 3253 2408 3310 et
2435 3262 2520 3309 ex

469 3494 518 3537 7.
574 3478 848 3528 Audaca‘am
912 3480 990 3528 sui
1044 3481 1408 3545 conquestione.
1501 3499 1612 3549 esp.
1643 3484 1707 3531 15
1722 3518 1737 3543 ,
1777 3483 1840 3531 de
1877 3481 2191 3545 definitione,
2228 3492 2278 3529 et
2314 3498 2424 3547 esp.
2456 3484 2484 3529 8
2507 3518 2522 3543 ,

394 3556 618 3615 Coniecit
656 3558 919 3607 Lambinus
960 3580 985 3602 .-
1005 3560 1253 3609 sudsciam
1294 3578 1413 3609 cou-
1500 3563 1565 3611 de
1590 3562 1854 3612 demoven.

394 3634 584 3696 questio
604 3657 657 3693 a,
684 3637 821 3699 quod
848 3651 1081 3703 sequutus
1114 3640 1271 3688 fuerat
1308 3642 1414 3689 Gu-
1576 3658 1625 3691 2.
1659 3644 1956 3689 Demovetur.
1987 3642 2060 3689 Its
2097 3640 2343 3705 rescripsit
2371 3640 2518 3686 Erne-

394 3710 641 3761 lielmius:
692 3731 793 3763 nou
829 3720 984 3765 susim
1021 3734 1139 3782 ego,
1188 3719 1416 3767 Palatinis
1505 3732 1607 3767 stus
1644 3721 1931 3769 auctoritate
1969 3719 2242 3767 cod.Voss.
2281 3735 2326 3767 c.
2361 3717 2518 3765 schol.

394 3789 517 3837 nihil
542 3794 857 3843 variantibus.
883 3800 1055 3847 Gau-r.
1082 3826 1147 3834 —
1173 3798 1271 3847 Sed
1299 3800 1412 3846 Seh.
1505 3798 1671 3863 Vulgo
1685 3797 2144 3859 dimovetur-‚minus
2166 3806 2299 3860 apte.
2325 3797 2518 3843 Seu.—

394 3884 505 3915 cum
552 3871 750 3920 [aliem.
800 3873 885 3923 dat
937 3898 961 3917 ιι
992 3875 1242 3925 audaciam
1293 3892 1409 3924 con·
1502 3877 1732 3926 Similiter
1760 3895 1808 3925 c.
1841 3878 1905 3924 30
1929 3878 2044 3924 init.
2082 3874 2420 3922 demovebieur.

394 3948 584 4009 questio
602 3970 648 3998 ι.
1096 3960 1103 3969 “
1573 3956 1600 4003 3
1613 3990 1624 4002 .
1660 3954 1906 4017 Biperu‘eo.
1933 3952 2167 4017 Be'pareieo
2188 3954 2305 4001 Em.
2325 3951 2521 4001 ullam.

464 4027 658 4092 XXIX.
676 4044 721 4077 ι.
750 4030 965 4079 Remotio
984 4034 1215 4081 criminis.
1244 4034 1409 4082 Tertia
1501 4030 1779 4081 Schiitzim.

390 4107 699 4169 assumptivae
726 4122 839 4173 pus
856 4143 873 4168 ‚
907 4125 953 4157 c.
980 4118 1065 4165 24.
1093 4110 1173 4159 Cf.
1196 4114 1314 4161 Her.
1348 4114 1371 4159 1
1392 4145 1409 4174 ,
1577 4118 1625 4166 4.
1660 4108 1828 4157 Viden'
1861 4108 2110 4174 oportebit.
2137 4110 2262 4157 Vens
2287 4110 2528 4171 indicavit
